<?xml version="1.0" encoding="UTF-8"?>
<!DOCTYPE html PUBLIC "-//W3C//DTD XHTML 1.0 Transitional//EN"
    "http://www.w3.org/TR/xhtml1/DTD/xhtml1-transitional.dtd">
<html xmlns="http://www.w3.org/1999/xhtml" xml:lang="en" lang="en">
 <head>
  <title>
</title>
<meta http-equiv="Content-Type" content="text/html;charset=utf-8" />
  <meta name='ocr-system' content='tesseract 3.04.00' />
  <meta name='ocr-capabilities' content='ocr_page ocr_carea ocr_par ocr_line ocrx_word'/>
</head>
<body>
  <div class='ocr_page' id='page_1' title='image "./quaestionesdefa00kindgoog_0016.png"; bbox 0 0 2956 5040; ppageno 0'>
   <div class='ocr_carea' id='block_1_1' title="bbox 676 399 752 460">
    <p class='ocr_par' dir='ltr' id='par_1_1' title="bbox 676 399 752 460">
     <span class='ocr_line' id='line_1_1' title="bbox 676 399 752 460; baseline 0 0"><span class='ocrx_word' id='word_1_1' title='bbox 676 425 681 434; x_wconf 91' lang='lat'>·</span> <span class='ocrx_word' id='word_1_2' title='bbox 733 399 752 460; x_wconf 86' lang='grc'><strong>3</strong></span> 
     </span>
    </p>
   </div>
   <div class='ocr_carea' id='block_1_2' title="bbox 178 608 1308 1694">
    <p class='ocr_par' dir='ltr' id='par_1_2' title="bbox 178 608 1305 942">
     <span class='ocr_line' id='line_1_2' title="bbox 180 608 1305 696; baseline 0 -22"><span class='ocrx_word' id='word_1_3' title='bbox 180 612 312 687; x_wconf 77' lang='lat' dir='ltr'><strong>Ariciae</strong></span> <span class='ocrx_word' id='word_1_4' title='bbox 342 614 377 674; x_wconf 92' lang='lat' dir='ltr'><strong>in</strong></span> <span class='ocrx_word' id='word_1_5' title='bbox 410 609 537 674; x_wconf 90' lang='lat' dir='ltr'><strong>Dianae</strong></span> <span class='ocrx_word' id='word_1_6' title='bbox 569 609 642 674; x_wconf 88' lang='lat' dir='ltr'><strong>luco</strong></span> <span class='ocrx_word' id='word_1_7' title='bbox 676 627 784 690; x_wconf 88' lang='lat' dir='ltr'><strong>nsque</strong></span> <span class='ocrx_word' id='word_1_8' title='bbox 818 608 966 674; x_wconf 88' lang='lat' dir='ltr'><strong>Ariciam</strong></span> <span class='ocrx_word' id='word_1_9' title='bbox 999 610 1201 694; x_wconf 84' lang='lat' dir='ltr'><strong>Nynrphem,</strong></span> <span class='ocrx_word' id='word_1_10' title='bbox 1227 614 1305 696; x_wconf 88' lang='lat' dir='ltr'><strong>Hip·</strong></span> 
     </span>
     <span class='ocr_line' id='line_1_3' title="bbox 178 733 1305 818; baseline 0.002 -21"><span class='ocrx_word' id='word_1_11' title='bbox 178 736 285 818; x_wconf 87' lang='lat' dir='ltr'><strong>polyti</strong></span> <span class='ocrx_word' id='word_1_12' title='bbox 317 735 428 798; x_wconf 93' lang='lat' dir='ltr'><strong>Virbii</strong></span> <span class='ocrx_word' id='word_1_13' title='bbox 461 753 599 797; x_wconf 88' lang='lat' dir='ltr'><strong>uxorem</strong></span> <span class='ocrx_word' id='word_1_14' title='bbox 630 733 851 810; x_wconf 67' lang='lat' dir='ltr'><strong>inveniemus</strong></span> <span class='ocrx_word' id='word_1_15' title='bbox 885 734 1006 814; x_wconf 91' lang='lat' dir='ltr'><strong>quibus</strong></span> <span class='ocrx_word' id='word_1_16' title='bbox 1040 736 1196 798; x_wconf 91' lang='lat' dir='ltr'><strong>omnibus</strong></span> <span class='ocrx_word' id='word_1_17' title='bbox 1225 738 1305 800; x_wconf 89' lang='lat' dir='ltr'><strong>haec</strong></span> 
     </span>
     <span class='ocr_line' id='line_1_4' title="bbox 179 858 891 942; baseline -0.004 -20"><span class='ocrx_word' id='word_1_18' title='bbox 179 859 417 924; x_wconf 90' lang='lat' dir='ltr'><strong>recentioribus</strong></span> <span class='ocrx_word' id='word_1_19' title='bbox 442 859 647 942; x_wconf 81' lang='lat' dir='ltr'><strong>temporibus</strong></span> <span class='ocrx_word' id='word_1_20' title='bbox 671 862 749 920; x_wconf 94' lang='lat' dir='ltr'><strong>sunt</strong></span> <span class='ocrx_word' id='word_1_21' title='bbox 773 858 891 922; x_wconf 86' lang='lat' dir='ltr'><strong>afficta.</strong></span> 
     </span>
    </p>

    <p class='ocr_par' dir='ltr' id='par_1_3' title="bbox 179 983 1308 1694">
     <span class='ocr_line' id='line_1_5' title="bbox 222 983 1304 1066; baseline 0.004 -20"><span class='ocrx_word' id='word_1_22' title='bbox 222 985 347 1048; x_wconf 87' lang='lat' dir='ltr'><strong>Eadem</strong></span> <span class='ocrx_word' id='word_1_23' title='bbox 381 990 570 1066; x_wconf 88' lang='lat' dir='ltr'><strong>temporum</strong></span> <span class='ocrx_word' id='word_1_24' title='bbox 602 984 733 1046; x_wconf 89' lang='lat' dir='ltr'><strong>incuria</strong></span> <span class='ocrx_word' id='word_1_25' title='bbox 764 1003 842 1045; x_wconf 87' lang='lat' dir='ltr'><strong>curn</strong></span> <span class='ocrx_word' id='word_1_26' title='bbox 870 983 977 1047; x_wconf 91' lang='lat' dir='ltr'><strong>studio</strong></span> <span class='ocrx_word' id='word_1_27' title='bbox 1001 985 1108 1066; x_wconf 90' lang='lat' dir='ltr'><strong>prisca</strong></span> <span class='ocrx_word' id='word_1_28' title='bbox 1133 983 1218 1048; x_wconf 90' lang='lat' dir='ltr'><strong>Latii</strong></span> <span class='ocrx_word' id='word_1_29' title='bbox 1241 986 1304 1050; x_wconf 85' lang='lat' dir='ltr'><strong>Ro·</strong></span> 
     </span>
     <span class='ocr_line' id='line_1_6' title="bbox 179 1109 1305 1194; baseline 0.003 -23"><span class='ocrx_word' id='word_1_30' title='bbox 179 1129 320 1192; x_wconf 90' lang='lat' dir='ltr'><strong>maeque</strong></span> <span class='ocrx_word' id='word_1_31' title='bbox 354 1115 503 1191; x_wconf 90' lang='lat' dir='ltr'><strong>tempora</strong></span> <span class='ocrx_word' id='word_1_32' title='bbox 533 1109 748 1191; x_wconf 85' lang='lat' dir='ltr'><strong>cognoscendi</strong></span> <span class='ocrx_word' id='word_1_33' title='bbox 780 1111 960 1191; x_wconf 86' lang='lat' dir='ltr'><strong>conjuncta</strong></span> <span class='ocrx_word' id='word_1_34' title='bbox 994 1111 1173 1176; x_wconf 90' lang='lat' dir='ltr'><strong>nonnullos</strong></span> <span class='ocrx_word' id='word_1_35' title='bbox 1206 1112 1305 1194; x_wconf 89' lang='lat' dir='ltr'><strong>hujus</strong></span> 
     </span>
     <span class='ocr_line' id='line_1_7' title="bbox 179 1233 1305 1300; baseline 0.002 -2"><span class='ocrx_word' id='word_1_36' title='bbox 179 1236 254 1298; x_wconf 87' lang='lat' dir='ltr'><strong>aevi</strong></span> <span class='ocrx_word' id='word_1_37' title='bbox 284 1235 373 1298; x_wconf 88' lang='lat' dir='ltr'><strong>viros</strong></span> <span class='ocrx_word' id='word_1_38' title='bbox 397 1236 433 1297; x_wconf 94' lang='lat' dir='ltr'><strong>in</strong></span> <span class='ocrx_word' id='word_1_39' title='bbox 457 1253 536 1298; x_wconf 90' lang='lat' dir='ltr'><strong>eum</strong></span> <span class='ocrx_word' id='word_1_40' title='bbox 560 1253 706 1298; x_wconf 88' lang='lat' dir='ltr'><strong>errorem</strong></span> <span class='ocrx_word' id='word_1_41' title='bbox 731 1233 901 1297; x_wconf 86' lang='lat' dir='ltr'><strong>induxisse</strong></span> <span class='ocrx_word' id='word_1_42' title='bbox 926 1235 1008 1297; x_wconf 88' lang='lat' dir='ltr'><strong>milri</strong></span> <span class='ocrx_word' id='word_1_43' title='bbox 1034 1236 1162 1299; x_wconf 88' lang='lat' dir='ltr'><strong>videtur</strong></span> <span class='ocrx_word' id='word_1_44' title='bbox 1186 1242 1223 1299; x_wconf 90' lang='lat' dir='ltr'><strong>ut</strong></span> <span class='ocrx_word' id='word_1_45' title='bbox 1246 1237 1305 1300; x_wconf 91' lang='lat' dir='ltr'><strong>hos</strong></span> 
     </span>
     <span class='ocr_line' id='line_1_8' title="bbox 180 1359 1305 1442; baseline 0.003 -21"><span class='ocrx_word' id='word_1_46' title='bbox 180 1360 233 1423; x_wconf 86' lang='lat' dir='ltr'><strong>vel</strong></span> <span class='ocrx_word' id='word_1_47' title='bbox 255 1360 378 1441; x_wconf 91' lang='lat' dir='ltr'><strong>partim</strong></span> <span class='ocrx_word' id='word_1_48' title='bbox 405 1359 458 1422; x_wconf 90' lang='lat' dir='ltr'><strong>vel</strong></span> <span class='ocrx_word' id='word_1_49' title='bbox 482 1360 580 1440; x_wconf 92' lang='lat' dir='ltr'><strong>plane</strong></span> <span class='ocrx_word' id='word_1_50' title='bbox 603 1359 696 1423; x_wconf 91' lang='lat' dir='ltr'><strong>fictos</strong></span> <span class='ocrx_word' id='word_1_51' title='bbox 721 1359 873 1423; x_wconf 92' lang='lat' dir='ltr'><strong>homines</strong></span> <span class='ocrx_word' id='word_1_52' title='bbox 895 1359 964 1421; x_wconf 92' lang='lat' dir='ltr'><strong>illis</strong></span> <span class='ocrx_word' id='word_1_53' title='bbox 991 1362 1193 1442; x_wconf 81' lang='lat' dir='ltr'><strong>temporibus</strong></span> <span class='ocrx_word' id='word_1_54' title='bbox 1213 1362 1305 1424; x_wconf 85' lang='lat' dir='ltr'><strong>attri-</strong></span> 
     </span>
     <span class='ocr_line' id='line_1_9' title="bbox 180 1484 1304 1569; baseline 0.003 -21"><span class='ocrx_word' id='word_1_55' title='bbox 180 1485 331 1563; x_wconf 86' lang='lat' dir='ltr'><strong>buerent,</strong></span> <span class='ocrx_word' id='word_1_56' title='bbox 363 1504 449 1567; x_wconf 93' lang='lat' dir='ltr'><strong>quae</strong></span> <span class='ocrx_word' id='word_1_57' title='bbox 482 1489 520 1547; x_wconf 91' lang='lat' dir='ltr'><strong>ut</strong></span> <span class='ocrx_word' id='word_1_58' title='bbox 552 1484 649 1548; x_wconf 91' lang='lat' dir='ltr'><strong>nobis</strong></span> <span class='ocrx_word' id='word_1_59' title='bbox 680 1484 726 1546; x_wconf 90' lang='lat' dir='ltr'><strong>sio</strong></span> <span class='ocrx_word' id='word_1_60' title='bbox 748 1484 963 1565; x_wconf 77' lang='lat' dir='ltr'><strong>scriptoribus</strong></span> <span class='ocrx_word' id='word_1_61' title='bbox 986 1485 1148 1550; x_wconf 85' lang='lat' dir='ltr'><strong>Romanis</strong></span> <span class='ocrx_word' id='word_1_62' title='bbox 1170 1506 1304 1569; x_wconf 91' lang='lat' dir='ltr'><strong>quoque</strong></span> 
     </span>
     <span class='ocr_line' id='line_1_10' title="bbox 179 1606 1308 1694; baseline 0.002 -23"><span class='ocrx_word' id='word_1_63' title='bbox 179 1610 350 1693; x_wconf 85' lang='lat' dir='ltr'><strong>incognita</strong></span> <span class='ocrx_word' id='word_1_64' title='bbox 374 1614 480 1674; x_wconf 91' lang='lat' dir='ltr'><strong>erant.</strong></span> <span class='ocrx_word' id='word_1_65' title='bbox 504 1606 579 1688; x_wconf 75' lang='lat' dir='ltr'><strong>Quo</strong></span> <span class='ocrx_word' id='word_1_66' title='bbox 603 1628 714 1673; x_wconf 89' lang='lat' dir='ltr'><strong>amore</strong></span> <span class='ocrx_word' id='word_1_67' title='bbox 738 1608 862 1686; x_wconf 91' lang='lat' dir='ltr'><strong>relicto,</strong></span> <span class='ocrx_word' id='word_1_68' title='bbox 886 1628 994 1692; x_wconf 90' lang='lat' dir='ltr'><strong>aequo</strong></span> <span class='ocrx_word' id='word_1_69' title='bbox 1019 1612 1133 1674; x_wconf 91' lang='lat' dir='ltr'><strong>animo</strong></span> <span class='ocrx_word' id='word_1_70' title='bbox 1158 1607 1308 1694; x_wconf 60' lang='lat' dir='ltr'><strong>cogitan?</strong></span> 
     </span>
    </p>
   </div>
   <div class='ocr_carea' id='block_1_3' title="bbox 182 1733 1304 1828">
    <p class='ocr_par' dir='ltr' id='par_1_4' title="bbox 182 1733 1304 1828">
     <span class='ocr_line' id='line_1_11' title="bbox 182 1733 1304 1828; baseline 0 -30"><span class='ocrx_word' id='word_1_71' title='bbox 182 1736 270 1828; x_wconf 89' lang='lat' dir='ltr'><strong>tibus</strong></span> <span class='ocrx_word' id='word_1_72' title='bbox 303 1736 406 1798; x_wconf 90' lang='lat' dir='ltr'><strong>satius</strong></span> <span class='ocrx_word' id='word_1_73' title='bbox 439 1739 511 1799; x_wconf 89' lang='lat' dir='ltr'><strong>erat</strong></span> <span class='ocrx_word' id='word_1_74' title='bbox 545 1735 585 1798; x_wconf 93' lang='lat' dir='ltr'><strong>de</strong></span> <span class='ocrx_word' id='word_1_75' title='bbox 622 1733 717 1797; x_wconf 92' lang='lat' dir='ltr'><strong>modo</strong></span> <span class='ocrx_word' id='word_1_76' title='bbox 752 1751 818 1816; x_wconf 90' lang='lat' dir='ltr'><strong>quo</strong></span> <span class='ocrx_word' id='word_1_77' title='bbox 853 1733 998 1806; x_wconf 82' lang='lat' dir='ltr'><strong>Romani</strong></span> <span class='ocrx_word' id='word_1_78' title='bbox 1029 1736 1114 1797; x_wconf 85' lang='lat' dir='ltr'><strong>varii</strong></span> <span class='ocrx_word' id='word_1_79' title='bbox 1147 1737 1304 1818; x_wconf 90' lang='lat' dir='ltr'><strong>temporis</strong></span> 
     </span>
    </p>
   </div>
   <div class='ocr_carea' id='block_1_4' title="bbox 152 1858 1303 4453">
    <p class='ocr_par' dir='ltr' id='par_1_5' title="bbox 179 1858 1302 2046">
     <span class='ocr_line' id='line_1_12' title="bbox 180 1858 1302 1942; baseline 0.002 -21"><span class='ocrx_word' id='word_1_80' title='bbox 180 1860 414 1942; x_wconf 83' lang='lat' dir='ltr'><strong>antiquitatem</strong></span> <span class='ocrx_word' id='word_1_81' title='bbox 452 1859 664 1940; x_wconf 84' lang='lat' dir='ltr'><strong>depinxerint</strong></span> <span class='ocrx_word' id='word_1_82' title='bbox 698 1858 866 1940; x_wconf 89' lang='lat' dir='ltr'><strong>disputare</strong></span> <span class='ocrx_word' id='word_1_83' title='bbox 899 1877 1001 1940; x_wconf 90' lang='lat' dir='ltr'><strong>quem</strong></span> <span class='ocrx_word' id='word_1_84' title='bbox 1037 1860 1077 1924; x_wconf 94' lang='lat' dir='ltr'><strong>de</strong></span> <span class='ocrx_word' id='word_1_85' title='bbox 1112 1860 1209 1923; x_wconf 89' lang='lat' dir='ltr'><strong>rebus</strong></span> <span class='ocrx_word' id='word_1_86' title='bbox 1240 1861 1302 1923; x_wconf 88' lang='lat' dir='ltr'><strong>hac</strong></span> 
     </span>
     <span class='ocr_line' id='line_1_13' title="bbox 179 1983 403 2046; baseline -0.009 0"><span class='ocrx_word' id='word_1_87' title='bbox 179 1985 288 2046; x_wconf 90' lang='lat' dir='ltr'><strong>aetate</strong></span> <span class='ocrx_word' id='word_1_88' title='bbox 311 1983 403 2046; x_wconf 86' lang='lat' dir='ltr'><strong>actis.</strong></span> 
     </span>
    </p>

    <p class='ocr_par' dir='ltr' id='par_1_6' title="bbox 152 2084 1303 3824">
     <span class='ocr_line' id='line_1_14' title="bbox 224 2084 1301 2172; baseline 0.002 -3"><span class='ocrx_word' id='word_1_89' title='bbox 224 2106 301 2170; x_wconf 83' lang='lat' dir='ltr'><strong>Alia</strong></span> <span class='ocrx_word' id='word_1_90' title='bbox 320 2104 551 2170; x_wconf 82' lang='lat' dir='ltr'><strong>discriminum</strong></span> <span class='ocrx_word' id='word_1_91' title='bbox 573 2125 671 2170; x_wconf 89' lang='lat' dir='ltr'><strong>eausa</strong></span> <span class='ocrx_word' id='word_1_92' title='bbox 693 2107 728 2169; x_wconf 96' lang='lat' dir='ltr'><strong>in</strong></span> <span class='ocrx_word' id='word_1_93' title='bbox 747 2084 890 2170; x_wconf 87' lang='lat' dir='ltr'><strong>fontium</strong></span> <span class='ocrx_word' id='word_1_94' title='bbox 912 2107 1140 2171; x_wconf 88' lang='lat' dir='ltr'><strong>aestimatione</strong></span> <span class='ocrx_word' id='word_1_95' title='bbox 1160 2108 1224 2170; x_wconf 90' lang='lat' dir='ltr'><strong>sita</strong></span> <span class='ocrx_word' id='word_1_96' title='bbox 1243 2112 1301 2172; x_wconf 89' lang='lat' dir='ltr'><strong>est.</strong></span> 
     </span>
     <span class='ocr_line' id='line_1_15' title="bbox 179 2223 1303 2297; baseline 0.001 -2"><span class='ocrx_word' id='word_1_97' title='bbox 179 2231 254 2296; x_wconf 88' lang='lat' dir='ltr'><strong>Non</strong></span> <span class='ocrx_word' id='word_1_98' title='bbox 278 2233 376 2297; x_wconf 90' lang='lat' dir='ltr'><strong>modo</strong></span> <span class='ocrx_word' id='word_1_99' title='bbox 400 2232 551 2296; x_wconf 88' lang='lat' dir='ltr'><strong>Tabulae</strong></span> <span class='ocrx_word' id='word_1_100' title='bbox 570 2223 693 2296; x_wconf 88' lang='lat' dir='ltr'><strong>Iliacae</strong></span> <span class='ocrx_word' id='word_1_101' title='bbox 713 2252 781 2296; x_wconf 93' lang='lat' dir='ltr'><strong>non</strong></span> <span class='ocrx_word' id='word_1_102' title='bbox 805 2238 899 2295; x_wconf 91' lang='lat' dir='ltr'><strong>tauta</strong></span> <span class='ocrx_word' id='word_1_103' title='bbox 920 2233 970 2295; x_wconf 89' lang='lat' dir='ltr'><strong>vis</strong></span> <span class='ocrx_word' id='word_1_104' title='bbox 991 2233 1072 2294; x_wconf 89' lang='lat' dir='ltr'><strong>mibi</strong></span> <span class='ocrx_word' id='word_1_105' title='bbox 1092 2233 1303 2296; x_wconf 88' lang='lat' dir='ltr'><strong>attribuenda</strong></span> 
     </span>
     <span class='ocr_line' id='line_1_16' title="bbox 152 2355 1301 2440; baseline 0.003 -22"><span class='ocrx_word' id='word_1_106' title='bbox 152 2356 313 2439; x_wconf 80' lang='lat' dir='ltr'><strong>¹videtur</strong></span> <span class='ocrx_word' id='word_1_107' title='bbox 342 2376 449 2440; x_wconf 91' lang='lat' dir='ltr'><strong>neque</strong></span> <span class='ocrx_word' id='word_1_108' title='bbox 480 2355 705 2439; x_wconf 88' lang='lat' dir='ltr'><strong>Lycophronis</strong></span> <span class='ocrx_word' id='word_1_109' title='bbox 733 2356 958 2421; x_wconf 86' lang='lat' dir='ltr'><strong>Alexandram</strong></span> <span class='ocrx_word' id='word_1_110' title='bbox 983 2378 1050 2422; x_wconf 95' lang='lat' dir='ltr'><strong>non</strong></span> <span class='ocrx_word' id='word_1_111' title='bbox 1074 2364 1153 2422; x_wconf 92' lang='lat' dir='ltr'><strong>ante</strong></span> <span class='ocrx_word' id='word_1_112' title='bbox 1178 2359 1301 2423; x_wconf 87' lang='lat' dir='ltr'><strong>bellum</strong></span> 
     </span>
     <span class='ocr_line' id='line_1_17' title="bbox 179 2483 1303 2569; baseline 0.005 -23"><span class='ocrx_word' id='word_1_113' title='bbox 179 2504 255 2547; x_wconf 90' lang='lat' dir='ltr'><strong>eum</strong></span> <span class='ocrx_word' id='word_1_114' title='bbox 287 2483 452 2549; x_wconf 88' lang='lat' dir='ltr'><strong>Antiocho</strong></span> <span class='ocrx_word' id='word_1_115' title='bbox 483 2484 532 2546; x_wconf 91' lang='lat' dir='ltr'><strong>III</strong></span> <span class='ocrx_word' id='word_1_116' title='bbox 565 2489 733 2566; x_wconf 89' lang='lat' dir='ltr'><strong>totamque</strong></span> <span class='ocrx_word' id='word_1_117' title='bbox 764 2503 782 2548; x_wconf 97' lang='lat' dir='ltr'><strong>e</strong></span> <span class='ocrx_word' id='word_1_118' title='bbox 814 2484 951 2548; x_wconf 85' lang='lat' dir='ltr'><strong>Timaeo</strong></span> <span class='ocrx_word' id='word_1_119' title='bbox 982 2485 1211 2569; x_wconf 91' lang='lat' dir='ltr'><strong>depromptam</strong></span> <span class='ocrx_word' id='word_1_120' title='bbox 1235 2492 1303 2554; x_wconf 89' lang='lat' dir='ltr'><strong>exi·</strong></span> 
     </span>
     <span class='ocr_line' id='line_1_18' title="bbox 178 2609 1301 2698; baseline 0.006 -26"><span class='ocrx_word' id='word_1_121' title='bbox 178 2611 288 2687; x_wconf 91' lang='lat' dir='ltr'><strong>stimo,</strong></span> <span class='ocrx_word' id='word_1_122' title='bbox 324 2629 411 2692; x_wconf 89' lang='lat' dir='ltr'><strong>quae</strong></span> <span class='ocrx_word' id='word_1_123' title='bbox 445 2629 503 2672; x_wconf 94' lang='lat' dir='ltr'><strong>suo</strong></span> <span class='ocrx_word' id='word_1_124' title='bbox 534 2609 605 2672; x_wconf 89' lang='lat' dir='ltr'><strong>loco</strong></span> <span class='ocrx_word' id='word_1_125' title='bbox 638 2627 813 2690; x_wconf 83' lang='lat' dir='ltr'><strong>exponam,</strong></span> <span class='ocrx_word' id='word_1_126' title='bbox 846 2610 902 2673; x_wconf 89' lang='lat' dir='ltr'><strong>sed</strong></span> <span class='ocrx_word' id='word_1_127' title='bbox 934 2629 976 2673; x_wconf 93' lang='lat' dir='ltr'><strong>ne</strong></span> <span class='ocrx_word' id='word_1_128' title='bbox 1006 2611 1047 2673; x_wconf 92' lang='lat' dir='ltr'><strong>iis</strong></span> <span class='ocrx_word' id='word_1_129' title='bbox 1077 2613 1211 2694; x_wconf 87' lang='lat' dir='ltr'><strong>quidem</strong></span> <span class='ocrx_word' id='word_1_130' title='bbox 1242 2616 1301 2698; x_wconf 90' lang='lat' dir='ltr'><strong>qui</strong></span> 
     </span>
     <span class='ocr_line' id='line_1_19' title="bbox 179 2736 1302 2822; baseline 0.003 -22"><span class='ocrx_word' id='word_1_131' title='bbox 179 2737 387 2800; x_wconf 86' lang='lat' dir='ltr'><strong>contendunt</strong></span> <span class='ocrx_word' id='word_1_132' title='bbox 427 2755 541 2800; x_wconf 85' lang='lat' dir='ltr'><strong>ornnes</strong></span> <span class='ocrx_word' id='word_1_133' title='bbox 585 2736 758 2817; x_wconf 88' lang='lat' dir='ltr'><strong>seriptorss</strong></span> <span class='ocrx_word' id='word_1_134' title='bbox 803 2736 890 2799; x_wconf 92' lang='lat' dir='ltr'><strong>nihil</strong></span> <span class='ocrx_word' id='word_1_135' title='bbox 932 2737 997 2799; x_wconf 93' lang='lat' dir='ltr'><strong>nisi</strong></span> <span class='ocrx_word' id='word_1_136' title='bbox 1036 2736 1105 2820; x_wconf 85' lang='lat' dir='ltr'><strong>jaro</strong></span> <span class='ocrx_word' id='word_1_137' title='bbox 1150 2740 1302 2822; x_wconf 89' lang='lat' dir='ltr'><strong>vulgatas</strong></span> 
     </span>
     <span class='ocr_line' id='line_1_20' title="bbox 178 2859 1299 2947; baseline 0.003 -23"><span class='ocrx_word' id='word_1_138' title='bbox 178 2861 378 2943; x_wconf 89' lang='lat' dir='ltr'><strong>publiceque</strong></span> <span class='ocrx_word' id='word_1_139' title='bbox 402 2866 549 2942; x_wconf 87' lang='lat' dir='ltr'><strong>receptas</strong></span> <span class='ocrx_word' id='word_1_140' title='bbox 571 2859 700 2923; x_wconf 85' lang='lat' dir='ltr'><strong>fabulas</strong></span> <span class='ocrx_word' id='word_1_141' title='bbox 719 2879 1004 2940; x_wconf 84' lang='lat' dir='ltr'><strong>commemorasse,</strong></span> <span class='ocrx_word' id='word_1_142' title='bbox 1024 2865 1211 2928; x_wconf 86' lang='lat' dir='ltr'><strong>consentire</strong></span> <span class='ocrx_word' id='word_1_143' title='bbox 1229 2884 1299 2947; x_wconf 92' lang='lat' dir='ltr'><strong>pos·</strong></span> 
     </span>
     <span class='ocr_line' id='line_1_21' title="bbox 178 2986 1301 3070; baseline 0.005 -22"><span class='ocrx_word' id='word_1_144' title='bbox 178 3005 265 3050; x_wconf 87' lang='lat' dir='ltr'><strong>sum.</strong></span> <span class='ocrx_word' id='word_1_145' title='bbox 297 2986 387 3050; x_wconf 90' lang='lat' dir='ltr'><strong>Haeo</strong></span> <span class='ocrx_word' id='word_1_146' title='bbox 417 2987 591 3065; x_wconf 88' lang='lat' dir='ltr'><strong>sententia,</strong></span> <span class='ocrx_word' id='word_1_147' title='bbox 622 3005 824 3070; x_wconf 89' lang='lat' dir='ltr'><strong>quamquam</strong></span> <span class='ocrx_word' id='word_1_148' title='bbox 848 3005 982 3070; x_wconf 89' lang='lat' dir='ltr'><strong>perraro</strong></span> <span class='ocrx_word' id='word_1_149' title='bbox 1007 2995 1132 3070; x_wconf 89' lang='lat' dir='ltr'><strong>aperta,</strong></span> <span class='ocrx_word' id='word_1_150' title='bbox 1155 2990 1211 3053; x_wconf 89' lang='lat' dir='ltr'><strong>sed</strong></span> <span class='ocrx_word' id='word_1_151' title='bbox 1234 2992 1301 3054; x_wconf 91' lang='lat' dir='ltr'><strong>fere</strong></span> 
     </span>
     <span class='ocr_line' id='line_1_22' title="bbox 179 3112 1303 3195; baseline 0.004 -21"><span class='ocrx_word' id='word_1_152' title='bbox 179 3112 305 3195; x_wconf 91' lang='lat' dir='ltr'><strong>ubique</strong></span> <span class='ocrx_word' id='word_1_153' title='bbox 337 3113 633 3195; x_wconf 84' lang='lat' dir='ltr'><strong>argumentationis</strong></span> <span class='ocrx_word' id='word_1_154' title='bbox 664 3113 921 3176; x_wconf 87' lang='lat' dir='ltr'><strong>fundamentum</strong></span> <span class='ocrx_word' id='word_1_155' title='bbox 953 3113 1050 3191; x_wconf 84' lang='lat' dir='ltr'><strong>faeta,</strong></span> <span class='ocrx_word' id='word_1_156' title='bbox 1077 3115 1160 3177; x_wconf 89' lang='lat' dir='ltr'><strong>milri</strong></span> <span class='ocrx_word' id='word_1_157' title='bbox 1185 3116 1303 3179; x_wconf 91' lang='lat' dir='ltr'><strong>multo·</strong></span> 
     </span>
     <span class='ocr_line' id='line_1_23' title="bbox 178 3237 1303 3322; baseline 0.004 -21"><span class='ocrx_word' id='word_1_158' title='bbox 178 3257 255 3301; x_wconf 89' lang='lat' dir='ltr'><strong>rum</strong></span> <span class='ocrx_word' id='word_1_159' title='bbox 278 3257 427 3302; x_wconf 90' lang='lat' dir='ltr'><strong>errorum</strong></span> <span class='ocrx_word' id='word_1_160' title='bbox 452 3240 525 3303; x_wconf 88' lang='lat' dir='ltr'><strong>fons</strong></span> <span class='ocrx_word' id='word_1_161' title='bbox 549 3239 646 3303; x_wconf 85' lang='lat' dir='ltr'><strong>luisse</strong></span> <span class='ocrx_word' id='word_1_162' title='bbox 671 3239 813 3303; x_wconf 89' lang='lat' dir='ltr'><strong>videtur.</strong></span> <span class='ocrx_word' id='word_1_163' title='bbox 835 3237 908 3302; x_wconf 88' lang='lat' dir='ltr'><strong>Non</strong></span> <span class='ocrx_word' id='word_1_164' title='bbox 929 3258 1012 3322; x_wconf 92' lang='lat' dir='ltr'><strong>nego</strong></span> <span class='ocrx_word' id='word_1_165' title='bbox 1033 3240 1155 3303; x_wconf 89' lang='lat' dir='ltr'><strong>multas</strong></span> <span class='ocrx_word' id='word_1_166' title='bbox 1174 3241 1303 3305; x_wconf 85' lang='lat' dir='ltr'><strong>fabulas</strong></span> 
     </span>
     <span class='ocr_line' id='line_1_24' title="bbox 178 3365 1302 3449; baseline 0.003 -21"><span class='ocrx_word' id='word_1_167' title='bbox 178 3365 340 3447; x_wconf 86' lang='lat' dir='ltr'><strong>originem</strong></span> <span class='ocrx_word' id='word_1_168' title='bbox 373 3385 413 3430; x_wconf 86' lang='lat' dir='ltr'><strong>ex</strong></span> <span class='ocrx_word' id='word_1_169' title='bbox 445 3366 676 3430; x_wconf 89' lang='lat' dir='ltr'><strong>remotissimis</strong></span> <span class='ocrx_word' id='word_1_170' title='bbox 706 3366 910 3448; x_wconf 91' lang='lat' dir='ltr'><strong>temporibus</strong></span> <span class='ocrx_word' id='word_1_171' title='bbox 941 3365 1058 3430; x_wconf 88' lang='lat' dir='ltr'><strong>ducere</strong></span> <span class='ocrx_word' id='word_1_172' title='bbox 1080 3367 1193 3449; x_wconf 90' lang='lat' dir='ltr'><strong>itaque</strong></span> <span class='ocrx_word' id='word_1_173' title='bbox 1216 3369 1302 3431; x_wconf 90' lang='lat' dir='ltr'><strong>mul·</strong></span> 
     </span>
     <span class='ocr_line' id='line_1_25' title="bbox 178 3491 1299 3574; baseline 0.002 -20"><span class='ocrx_word' id='word_1_174' title='bbox 178 3495 228 3554; x_wconf 87' lang='lat' dir='ltr'><strong>tas</strong></span> <span class='ocrx_word' id='word_1_175' title='bbox 263 3510 283 3554; x_wconf 91' lang='lat' dir='ltr'><strong>a</strong></span> <span class='ocrx_word' id='word_1_176' title='bbox 317 3493 541 3574; x_wconf 86' lang='lat' dir='ltr'><strong>scriptoribus,</strong></span> <span class='ocrx_word' id='word_1_177' title='bbox 576 3492 630 3555; x_wconf 88' lang='lat' dir='ltr'><strong>vel</strong></span> <span class='ocrx_word' id='word_1_178' title='bbox 665 3510 705 3556; x_wconf 84' lang='lat' dir='ltr'><strong>ex</strong></span> <span class='ocrx_word' id='word_1_179' title='bbox 740 3511 797 3555; x_wconf 88' lang='lat' dir='ltr'><strong>ore</strong></span> <span class='ocrx_word' id='word_1_180' title='bbox 832 3492 937 3574; x_wconf 88' lang='lat' dir='ltr'><strong>vulgi,</strong></span> <span class='ocrx_word' id='word_1_181' title='bbox 968 3491 1022 3555; x_wconf 82' lang='lat' dir='ltr'><strong>vel</strong></span> <span class='ocrx_word' id='word_1_182' title='bbox 1054 3493 1299 3557; x_wconf 89' lang='lat' dir='ltr'><strong>esaoordotum</strong></span> 
     </span>
     <span class='ocr_line' id='line_1_26' title="bbox 178 3615 1302 3698; baseline 0.004 -22"><span class='ocrx_word' id='word_1_183' title='bbox 178 3616 232 3680; x_wconf 89' lang='lat' dir='ltr'><strong>vel</strong></span> <span class='ocrx_word' id='word_1_184' title='bbox 257 3615 459 3680; x_wconf 85' lang='lat' dir='ltr'><strong>familiarum</strong></span> <span class='ocrx_word' id='word_1_185' title='bbox 484 3617 659 3680; x_wconf 89' lang='lat' dir='ltr'><strong>tabulariis</strong></span> <span class='ocrx_word' id='word_1_186' title='bbox 683 3616 893 3698; x_wconf 88' lang='lat' dir='ltr'><strong>depromptas</strong></span> <span class='ocrx_word' id='word_1_187' title='bbox 917 3621 949 3679; x_wconf 91' lang='lat' dir='ltr'><strong>et</strong></span> <span class='ocrx_word' id='word_1_188' title='bbox 972 3616 1129 3697; x_wconf 90' lang='lat' dir='ltr'><strong>repetitas</strong></span> <span class='ocrx_word' id='word_1_189' title='bbox 1149 3635 1226 3696; x_wconf 87' lang='lat' dir='ltr'><strong>esse,</strong></span> <span class='ocrx_word' id='word_1_190' title='bbox 1246 3617 1302 3681; x_wconf 91' lang='lat' dir='ltr'><strong>sed</strong></span> 
     </span>
     <span class='ocr_line' id='line_1_27' title="bbox 176 3740 1222 3824; baseline 0.004 -22"><span class='ocrx_word' id='word_1_191' title='bbox 176 3740 269 3804; x_wconf 88' lang='lat' dir='ltr'><strong>illam</strong></span> <span class='ocrx_word' id='word_1_192' title='bbox 294 3743 456 3824; x_wconf 81' lang='lat' dir='ltr'><strong>originem</strong></span> <span class='ocrx_word' id='word_1_193' title='bbox 482 3743 570 3805; x_wconf 90' lang='lat' dir='ltr'><strong>baud</strong></span> <span class='ocrx_word' id='word_1_194' title='bbox 592 3742 747 3806; x_wconf 90' lang='lat' dir='ltr'><strong>omnibus</strong></span> <span class='ocrx_word' id='word_1_195' title='bbox 772 3741 981 3805; x_wconf 88' lang='lat' dir='ltr'><strong>tribuendam</strong></span> <span class='ocrx_word' id='word_1_196' title='bbox 1005 3760 1073 3805; x_wconf 88' lang='lat' dir='ltr'><strong>esse</strong></span> <span class='ocrx_word' id='word_1_197' title='bbox 1097 3760 1222 3807; x_wconf 87' lang='lat' dir='ltr'><strong>censeo.</strong></span> 
     </span>
    </p>

    <p class='ocr_par' dir='ltr' id='par_1_7' title="bbox 175 3864 1302 4453">
     <span class='ocr_line' id='line_1_28' title="bbox 222 3864 1301 3951; baseline 0.006 -23"><span class='ocrx_word' id='word_1_198' title='bbox 222 3864 392 3948; x_wconf 90' lang='lat' dir='ltr'><strong>Disputari</strong></span> <span class='ocrx_word' id='word_1_199' title='bbox 417 3886 497 3930; x_wconf 90' lang='lat' dir='ltr'><strong>sane</strong></span> <span class='ocrx_word' id='word_1_200' title='bbox 519 3873 626 3951; x_wconf 88' lang='lat' dir='ltr'><strong>potest</strong></span> <span class='ocrx_word' id='word_1_201' title='bbox 649 3867 689 3930; x_wconf 93' lang='lat' dir='ltr'><strong>de</strong></span> <span class='ocrx_word' id='word_1_202' title='bbox 712 3867 826 3949; x_wconf 91' lang='lat' dir='ltr'><strong>aliqua</strong></span> <span class='ocrx_word' id='word_1_203' title='bbox 849 3867 1041 3931; x_wconf 89' lang='lat' dir='ltr'><strong>narratione</strong></span> <span class='ocrx_word' id='word_1_204' title='bbox 1065 3874 1178 3932; x_wconf 87' lang='lat' dir='ltr'><strong>utrum</strong></span> <span class='ocrx_word' id='word_1_205' title='bbox 1203 3870 1301 3934; x_wconf 88' lang='lat' dir='ltr'><strong>rebus</strong></span> 
     </span>
     <span class='ocr_line' id='line_1_29' title="bbox 176 3994 1302 4079; baseline 0.004 -25"><span class='ocrx_word' id='word_1_206' title='bbox 176 3994 258 4055; x_wconf 89' lang='lat' dir='ltr'><strong>actis</strong></span> <span class='ocrx_word' id='word_1_207' title='bbox 282 4011 394 4057; x_wconf 94' lang='lat' dir='ltr'><strong>annon</strong></span> <span class='ocrx_word' id='word_1_208' title='bbox 419 3994 595 4057; x_wconf 87' lang='lat' dir='ltr'><strong>inserenda</strong></span> <span class='ocrx_word' id='word_1_209' title='bbox 617 3994 668 4072; x_wconf 91' lang='lat' dir='ltr'><strong>sit,</strong></span> <span class='ocrx_word' id='word_1_210' title='bbox 692 3994 794 4057; x_wconf 87' lang='lat' dir='ltr'><strong>stiam</strong></span> <span class='ocrx_word' id='word_1_211' title='bbox 818 3994 858 4057; x_wconf 92' lang='lat' dir='ltr'><strong>de</strong></span> <span class='ocrx_word' id='word_1_212' title='bbox 882 3994 1083 4057; x_wconf 86' lang='lat' dir='ltr'><strong>narrationis</strong></span> <span class='ocrx_word' id='word_1_213' title='bbox 1106 4001 1198 4079; x_wconf 90' lang='lat' dir='ltr'><strong>parte</strong></span> <span class='ocrx_word' id='word_1_214' title='bbox 1216 3997 1302 4060; x_wconf 89' lang='lat' dir='ltr'><strong>sitne</strong></span> 
     </span>
     <span class='ocr_line' id='line_1_30' title="bbox 175 4119 1300 4202; baseline 0.005 -22"><span class='ocrx_word' id='word_1_215' title='bbox 175 4120 275 4182; x_wconf 90' lang='lat' dir='ltr'><strong>rebus</strong></span> <span class='ocrx_word' id='word_1_216' title='bbox 286 4119 377 4194; x_wconf 85' lang='lat' dir='ltr'><strong>actis,</strong></span> <span class='ocrx_word' id='word_1_217' title='bbox 391 4138 433 4181; x_wconf 93' lang='lat' dir='ltr'><strong>an</strong></span> <span class='ocrx_word' id='word_1_218' title='bbox 447 4121 511 4182; x_wconf 89' lang='lat' dir='ltr'><strong>arti</strong></span> <span class='ocrx_word' id='word_1_219' title='bbox 522 4119 669 4201; x_wconf 89' lang='lat' dir='ltr'><strong>fingendi</strong></span> <span class='ocrx_word' id='word_1_220' title='bbox 683 4120 793 4200; x_wconf 89' lang='lat' dir='ltr'><strong>potius</strong></span> <span class='ocrx_word' id='word_1_221' title='bbox 808 4120 1014 4202; x_wconf 86' lang='lat' dir='ltr'><strong>assignanda,</strong></span> <span class='ocrx_word' id='word_1_222' title='bbox 1027 4126 1061 4183; x_wconf 90' lang='lat' dir='ltr'><strong>at</strong></span> <span class='ocrx_word' id='word_1_223' title='bbox 1072 4122 1300 4186; x_wconf 88' lang='lat' dir='ltr'><strong>narrationem</strong></span> 
     </span>
     <span class='ocr_line' id='line_1_31' title="bbox 176 4246 1299 4328; baseline 0.005 -22"><span class='ocrx_word' id='word_1_224' title='bbox 176 4246 241 4309; x_wconf 89' lang='lat' dir='ltr'><strong>nisi</strong></span> <span class='ocrx_word' id='word_1_225' title='bbox 260 4265 302 4310; x_wconf 85' lang='lat' dir='ltr'><strong>ex</strong></span> <span class='ocrx_word' id='word_1_226' title='bbox 324 4246 438 4328; x_wconf 88' lang='lat' dir='ltr'><strong>aliqua</strong></span> <span class='ocrx_word' id='word_1_227' title='bbox 456 4251 548 4327; x_wconf 90' lang='lat' dir='ltr'><strong>parte</strong></span> <span class='ocrx_word' id='word_1_228' title='bbox 570 4246 630 4308; x_wconf 87' lang='lat' dir='ltr'><strong>bae</strong></span> <span class='ocrx_word' id='word_1_229' title='bbox 650 4264 690 4309; x_wconf 84' lang='lat' dir='ltr'><strong>ex</strong></span> <span class='ocrx_word' id='word_1_230' title='bbox 708 4251 778 4308; x_wconf 92' lang='lat' dir='ltr'><strong>arte</strong></span> <span class='ocrx_word' id='word_1_231' title='bbox 791 4246 953 4327; x_wconf 89' lang='lat' dir='ltr'><strong>originem</strong></span> <span class='ocrx_word' id='word_1_232' title='bbox 967 4246 1058 4309; x_wconf 86' lang='lat' dir='ltr'><strong>ducit</strong></span> <span class='ocrx_word' id='word_1_233' title='bbox 1070 4247 1219 4310; x_wconf 85' lang='lat' dir='ltr'><strong>fabulam</strong></span> <span class='ocrx_word' id='word_1_234' title='bbox 1232 4268 1299 4312; x_wconf 92' lang='lat' dir='ltr'><strong>non</strong></span> 
     </span>
     <span class='ocr_line' id='line_1_32' title="bbox 176 4370 1298 4453; baseline 0.004 -22"><span class='ocrx_word' id='word_1_235' title='bbox 176 4389 345 4435; x_wconf 87' lang='lat' dir='ltr'><strong>vocamus.</strong></span> <span class='ocrx_word' id='word_1_236' title='bbox 365 4370 432 4434; x_wconf 91' lang='lat' dir='ltr'><strong>Ubi</strong></span> <span class='ocrx_word' id='word_1_237' title='bbox 451 4371 492 4434; x_wconf 91' lang='lat' dir='ltr'><strong>de</strong></span> <span class='ocrx_word' id='word_1_238' title='bbox 512 4372 630 4434; x_wconf 90' lang='lat' dir='ltr'><strong>harum</strong></span> <span class='ocrx_word' id='word_1_239' title='bbox 651 4370 779 4452; x_wconf 89' lang='lat' dir='ltr'><strong>origine</strong></span> <span class='ocrx_word' id='word_1_240' title='bbox 795 4370 914 4452; x_wconf 87' lang='lat' dir='ltr'><strong>agitur,</strong></span> <span class='ocrx_word' id='word_1_241' title='bbox 928 4370 1001 4432; x_wconf 91' lang='lat' dir='ltr'><strong>aliis</strong></span> <span class='ocrx_word' id='word_1_242' title='bbox 1013 4370 1115 4433; x_wconf 89' lang='lat' dir='ltr'><strong>aliam</strong></span> <span class='ocrx_word' id='word_1_243' title='bbox 1130 4373 1298 4453; x_wconf 91' lang='lat' dir='ltr'><strong>assignan-</strong></span> 
     </span>
    </p>
   </div>
   <div class='ocr_carea' id='block_1_5' title="bbox 0 0 1482 5040">
    <p class='ocr_par' dir='ltr' id='par_1_8' title="bbox 0 0 1482 5040">
     <span class='ocr_line' id='line_1_33' title="bbox 0 0 1482 5040; baseline 0 1"><span class='ocrx_word' id='word_1_244' title='bbox 0 0 1482 5040; x_wconf 95' lang='lat' dir='ltr'><strong> </strong></span> 
     </span>
    </p>
   </div>
  </div>
 </body>
</html>
