2956 5040
285 1340 418 1423 Scripsit
442 1336 606 1421 Vergilius
629 1337 711 1402 Aen.
727 1334 799 1416 VII,
817 1337 894 1401 706:
914 1339 1026 1416 „Eece
1039 1339 1239 1408 Sabinorum
1249 1338 1352 1421 priseo

242 1468 281 1531 de
302 1467 463 1548 sauguine
487 1483 646 1547 maguum
669 1464 796 1546 Agmen
815 1483 914 1547 agens
933 1462 1072 1528 Clausus
1095 1466 1274 1548 magnique
1285 1465 1352 1546 ipse

245 1595 389 1676 agminis
422 1594 537 1669 instar,
570 1589 711 1655 Claudia
734 1611 824 1654 nune
850 1610 871 1653 a
894 1610 958 1673 quo
981 1591 1174 1654 diffunditur
1198 1595 1231 1655 et
1253 1591 1356 1655 tribus

245 1727 277 1784 et
308 1739 385 1803 gens
413 1720 475 1782 Per
497 1718 642 1795 Latium,
666 1722 839 1800 postquam
864 1718 899 1779 in
923 1723 1051 1799 partem
1075 1717 1151 1780 data
1174 1716 1282 1779 Roma
1305 1713 1358 1778 Sa·

245 1844 363 1924 binis''‚
395 1849 428 1908 et
458 1844 537 1908 Aen.
568 1842 612 1920 X,
645 1843 725 1905 345:
757 1843 849 1921 „Hie
880 1842 1030 1921 (iuribus,
1062 1842 1163 1906 fidens
1185 1843 1357 1924 primaevo

245 1989 387 2053 corpore,
410 1967 551 2033 Clausus
577 1942 748 2032 Advenit?

289 2096 327 2159 In
352 2097 402 2158 bis
427 2096 535 2160 verbis
555 2094 671 2158 fabula
692 2095 826 2158 omuino
849 2059 1027 2157 domestica
1046 2091 1139 2158 nobis
1159 2097 1237 2157 ante
1250 2090 1360 2158 oeulos

245 2219 410 2301 proposita
432 2217 581 2296 videtur3
604 2218 733 2281 nullam
760 2237 871 2281 vooem
897 2217 1021 2281 Graeoe
1040 2222 1210 2281 sonantem
1231 2217 1360 2282 inveni·

249 2363 321 2406 mus
329 2370 338 2421 3
359 2343 476 2420 Roma,
500 2344 645 2421 Latium,
669 2363 747 2426 ager
769 2343 923 2422 Sabinus,
947 2342 1089 2408 Claudia
1111 2362 1200 2425 gens,
1223 2345 1361 2408 uomina

248 2472 328 2534 haee
362 2476 439 2534 sunt
473 2471 741 2553 conjunctissima
776 2469 1031 2552 vernaculaque.
1068 2468 1224 2533 Attamen
1261 2488 1359 2534 nemo

246 2598 438 2681 scriptorum
463 2598 624 2675 omnium,
648 2616 691 2660 ne
714 2595 829 2661 Cicero
855 2597 999 2679 quidem,
1020 2597 1075 2660 eui
1094 2597 1222 2680 saepius
1235 2599 1362 2663 oooasio

247 2722 360 2786 oblata
395 2727 476 2800 erat,
511 2729 589 2786 ante
623 2719 804 2804 Vergilium
838 2723 878 2788 de
909 2722 969 2787 hae
1000 2722 1145 2786 nominis
1176 2723 1363 2787 mutatione

249 2850 451 2912 mentionem
476 2849 563 2926 facit,
587 2853 622 2912 at
644 2854 717 2931 post
740 2849 839 2912 illum
859 2848 975 2912 nullus
994 2848 1060 2912 fere
1079 2867 1190 2912 rerum
1210 2855 1362 2912 aeterum

247 2975 386 3057 scriptor
410 2973 557 3038 fabulam
582 2976 716 3039 omittit.

292 3102 446 3184 Legimus
468 3103 556 3165 enim
581 3102 667 3184 apud
691 3099 826 3182 Dionys.
850 3101 922 3165 Lib.
948 3100 987 3179 V,
1012 3103 1071 3164 40:
1093 3099 1193 3181 „0in
1212 3102 1364 3174 τοςέκοοῦ

250 3226 384 3304 Σοοβίνοοο
420 3225 522 3300 ἔθνους,
559 3225 642 3290 πόλιν
676 3226 756 3291 οἰκῶν
791 3226 953 3304 Ῥήγιλλον,
987 3227 1107 3305 εὐγενὴς
1140 3226 1193 3291 sai
1226 3228 1364 3310 χρήμασι

248 3354 379 3426 banania,
413 3351 504 3424 Τίτος
535 3350 687 3425 Κλοούδοος,
719 3353 883 3430 αὐτομολεῖ
903 3354 971 3433 πρὸς
994 3353 1110 3427 αὐτοὺς,
1135 3354 1310 3432 συγγένειάν
1333 3381 1366 3421 τε

249 3477 386 3557 μεγοέληο
408 3476 624 3558 ἕποιγόμεοος”;
648 3480 735 3563 apud
756 3481 890 3543 Livium
914 3481 986 3544 Lib.
1011 3480 1053 3558 ΙΙ,
1077 3482 1128 3560 16,
1150 3483 1187 3545 3:
1208 3531 1227 3559 „
1240 3483 1364 3549 Seditio

250 3607 338 3669 inter
373 3606 451 3669 belli
486 3607 640 3688 pacisque
670 3611 818 3670 auctores
841 3612 913 3669 orta
935 3607 970 3668 in
998 3607 1129 3671 Sabinis
1151 3607 1364 3689 aliquantum

250 3732 327 3795 inde
351 3733 475 3794 virium
502 3732 670 3795 transtulit
694 3733 735 3795 ad
754 3732 932 3811 Romanos,
952 3751 1096 3816 namque
1115 3734 1212 3797 Attus
1224 3732 1366 3799 Clausus

252 3858 305 3921 oui
328 3862 439 3939 postea
463 3855 568 3939 Appio
591 3855 733 3920 Claudio
756 3857 820 3920 fuit
838 3856 964 3921 Romae
983 3876 1103 3922 nomen
1105 3904 1206 3935 .....
1218 3856 1363 3923 avieino

251 3982 389 4065 Regillo,
414 4002 534 4065 magna
561 3982 735 4046 clientium
759 3983 934 4046 comitatus
957 4001 1070 4060 manu,
1094 3981 1234 4046 Romam
1260 3987 1366 4047 tuens·

251 4109 335 4190 fugit
336 4156 432 4184 .....
463 4108 588 4190 Appius
612 4109 698 4187 iuter
723 4115 829 4191 patres
852 4109 958 4173 leotns
982 4110 1068 4172 baud
1090 4110 1138 4172 ita
1161 4109 1269 4174 multo
1292 4116 1365 4193 post

251 4236 286 4296 in
321 4236 508 4317 principum
542 4234 765 4317 dignationem
790 4234 961 4317 pervenit''
986 4240 1017 4299 et
1039 4236 1081 4313 X,
1108 4236 1144 4297 8:
1168 4235 1361 4312 „Sabinum

252 4361 425 4437 advenam,
453 4360 634 4442 prinoipem
660 4360 825 4423 nobilitati
846 4366 1047 4438 vestrae,seu
1068 4359 1185 4423 Attum
1200 4357 1360 4424 Clausum
