2956 5040
717 374 758 435 89

176 599 245 643 sere
268 580 431 646 dextram.
444 580 508 644 Hic
523 581 625 643 etiam
640 581 816 644 inventum
830 582 964 645 Priamo
976 579 1125 645 narrabis
1139 581 1301 646 Achille''.

177 704 352 769 Praeterea
376 711 540 769 monstrat
559 705 712 768 Turnum
733 706 831 769 illum
853 705 1017 770 Graecum
1039 726 1117 786 esse,
1136 707 1195 789 qui
1216 727 1302 772 nova

178 850 276 894 causa
301 831 465 894 excitatus
488 832 710 894 inveteratum
732 831 934 895 Graecorum
957 832 994 894 in
1014 831 1300 912 Trojanoscdium

179 957 278 1034 fovet,
314 957 415 1020 etiam
450 957 484 1018 in
515 956 635 1020 Italiae
660 957 735 1020 cris.
760 957 849 1020 Victi
872 957 979 1039 gloria
1003 956 1143 1039 gloriam
1169 956 1304 1020 victoris

179 1087 296 1165 auget:
320 1083 397 1146 huic
421 1082 486 1165 legi
510 1083 677 1166 Vergilius
703 1083 829 1166 optime
853 1083 1026 1146 obsecutus
1050 1088 1110 1146 est.

221 1208 290 1272 Ubi
313 1206 471 1271 Amatam
494 1206 613 1290 pinxit,
634 1212 701 1272 toto
717 1209 832 1271 animo
844 1208 963 1270 Latino
976 1208 1172 1288 persuadere
1185 1225 1303 1270 conan-

178 1339 246 1396 tem
267 1339 303 1395 ut
326 1351 392 1396 uon
419 1332 549 1396 Aeneae
571 1334 627 1396 sed
651 1333 765 1395 Turno
790 1332 965 1395 Laviniam
992 1350 1130 1395 uxorem
1152 1331 1303 1408 daret,iu

179 1477 311 1520 summa
343 1456 492 1521 oratione
519 1458 702 1521 dicentem:
739 1457 812 1535 „Et
842 1456 954 1521 Turno
977 1456 1119 1519 Inachus
1142 1455 1303 1519 Acrisius·

179 1603 244 1666 que
272 1591 392 1666 patres,
419 1582 614 1665 mediaeque
644 1581 838 1663 Mycenae”,
863 1601 931 1646 non
956 1583 1061 1663 liquet
1085 1587 1197 1644 utrum
1225 1582 1304 1644 haec

180 1709 282 1773 verba
303 1728 344 1772 ex
363 1709 479 1798 ardore
501 1709 643 1772 materni
661 1709 784 1773 arnonis
804 1709 873 1771 sint
893 1713 967 1771 orta
985 1727 1028 1770 an
1050 1726 1090 1770 ex
1110 1707 1176 1770 alic
1188 1712 1304 1788 poetae

180 1835 347 1915 figmento.
366 1835 476 1898 Potest
498 1835 588 1897 enim
606 1835 677 1897 fieri
690 1870 732 1880 —
746 1834 833 1897 etad
846 1835 930 1896 hanc
942 1833 1161 1915 suspicionem
1176 1833 1303 1896 verbis:

183 1958 355 2034 „Audacis
378 1959 496 2022 Rutuli
518 1959 561 2022 ad
584 1978 708 2036 muros,
729 1977 831 2039 quam
852 1959 976 2021 dicitur
988 1959 1103 2021 urbem
1119 1957 1306 2034 Acrisoneis

185 2083 298 2146 Dana‘e'
322 2082 477 2147 fundasse
501 2079 647 2146 colonis'’
669 2082 867 2146 adducimur
888 2118 932 2130 —
956 2088 992 2145 ut
1014 2087 1122 2164 poeta,
1147 2083 1304 2145 Daunum

184 2209 286 2288 patris
322 2226 444 2270 nomen
479 2207 644 2288 explicare
680 2211 866 2284 conantem,
901 2207 1032 2270 Danais
1062 2204 1239 2289 appulsum
1264 2208 1306 2271 ad

182 2329 304 2396 Italiae
327 2332 439 2396 littora
463 2333 680 2394 transtulerit.

224 2457 277 2519 Ex
309 2457 360 2519 his
392 2458 532 2538 quisque
562 2455 625 2520 sibi
649 2457 737 2538 quod
760 2457 889 2539 placeat
913 2456 1024 2536 eligat.
1048 2455 1132 2518 Mihi
1154 2455 1234 2518 satis
1256 2418 1305 2518 est

179 2581 359 2644 ostendisse
390 2600 491 2662 quam
523 2581 656 2643 fabulae
689 2586 818 2662 partem
852 2578 1018 2663 Vergilius
1040 2585 1191 2663 paratam
1215 2582 1305 2644 inve·

176 2706 278 2783 nerii,
302 2705 383 2787 quid
405 2706 475 2786 ipse
498 2706 631 2768 finxerit
651 2725 693 2767 ex
712 2704 858 2788 repertis,
872 2706 953 2787 quid
972 2705 1171 2768 recentiores
1183 2723 1224 2767 ex
1236 2706 1305 2786 ejus

175 2831 339 2913 figmento
361 2831 616 2912 composuerint.

720 3437 766 3510 V.

636 3655 863 3742 Tyrrhus.

231 4071 390 4152 Tyrrhus
403 4073 486 4154 regii
506 4073 649 4136 armenti
664 4072 819 4154 magister
831 4092 851 4134 a
863 4073 956 4136 nullo
969 4075 1125 4156 scriptore
1138 4074 1202 4136 nisi
1214 4093 1234 4135 a
1246 4073 1306 4136 Cn.

179 4195 304 4275 Gellio,
319 4196 359 4260 ci.
373 4201 467 4261 Auct.
477 4198 507 4260 d.
516 4218 561 4261 cr.
571 4204 660 4280 gent.
670 4197 767 4261 Rom.
777 4217 826 4279 cp.
839 4198 878 4259 16
890 4222 896 4259 :
917 4197 1084 4273 „Interim
1098 4199 1250 4274 Lavinia,
1264 4199 1307 4261 ab

182 4319 299 4384 Aenea
317 4322 454 4403 gravida
473 4323 598 4397 relicta,
620 4327 719 4398 metu,
742 4322 845 4384 vetuti
868 4323 1050 4384 insecuturi
1063 4341 1096 4384 sc
1111 4322 1256 4398 Ascanii,
1270 4322 1305 4382 in
