<?xml version="1.0" encoding="UTF-8"?>
<!DOCTYPE html PUBLIC "-//W3C//DTD XHTML 1.0 Transitional//EN"
    "http://www.w3.org/TR/xhtml1/DTD/xhtml1-transitional.dtd">
<html xmlns="http://www.w3.org/1999/xhtml" xml:lang="en" lang="en">
 <head>
  <title>
</title>
<meta http-equiv="Content-Type" content="text/html;charset=utf-8" />
  <meta name='ocr-system' content='tesseract 3.04.00' />
  <meta name='ocr-capabilities' content='ocr_page ocr_carea ocr_par ocr_line ocrx_word'/>
</head>
<body>
  <div class='ocr_page' id='page_1' title='image "./quaestionesdefa00kindgoog_0158.png"; bbox 0 0 2956 5040; ppageno 0'>
   <div class='ocr_carea' id='block_1_1' title="bbox 708 414 768 477">
    <p class='ocr_par' dir='ltr' id='par_1_1' title="bbox 708 414 768 477">
     <span class='ocr_line' id='line_1_1' title="bbox 708 414 768 477; baseline 0 0"><span class='ocrx_word' id='word_1_1' title='bbox 708 414 768 477; x_wconf 85' lang='grc'><strong>117</strong></span> 
     </span>
    </p>
   </div>
   <div class='ocr_carea' id='block_1_2' title="bbox 177 624 1304 2450">
    <p class='ocr_par' dir='ltr' id='par_1_2' title="bbox 177 624 1304 2450">
     <span class='ocr_line' id='line_1_2' title="bbox 182 624 1304 707; baseline 0 -20"><span class='ocrx_word' id='word_1_2' title='bbox 182 624 405 705; x_wconf 80' lang='lat' dir='ltr'>penetralibus</span> <span class='ocrx_word' id='word_1_3' title='bbox 429 629 461 688; x_wconf 89' lang='lat' dir='ltr'><strong>et</strong></span> <span class='ocrx_word' id='word_1_4' title='bbox 484 624 606 689; x_wconf 82' lang='lat' dir='ltr'><strong>culinis</strong></span> <span class='ocrx_word' id='word_1_5' title='bbox 629 629 804 707; x_wconf 89' lang='lat' dir='ltr'><strong>perpetuos</strong></span> <span class='ocrx_word' id='word_1_6' title='bbox 823 625 939 689; x_wconf 85' lang='lat' dir='ltr'><strong>fovetis</strong></span> <span class='ocrx_word' id='word_1_7' title='bbox 960 625 1056 703; x_wconf 81' lang='lat' dir='ltr'><strong>focos,</strong></span> <span class='ocrx_word' id='word_1_8' title='bbox 1077 625 1304 688; x_wconf 85' lang='lat' dir='ltr'><strong>saeresfaoitis</strong></span> 
     </span>
     <span class='ocr_line' id='line_1_3' title="bbox 184 745 1303 831; baseline 0.002 -22"><span class='ocrx_word' id='word_1_9' title='bbox 184 766 312 810; x_wconf 84' lang='lat' dir='ltr'><strong>mensas</strong></span> <span class='ocrx_word' id='word_1_10' title='bbox 335 748 520 812; x_wconf 82' lang='lat' dir='ltr'><strong>salinorum</strong></span> <span class='ocrx_word' id='word_1_11' title='bbox 546 749 698 831; x_wconf 88' lang='lat' dir='ltr'><strong>appositu</strong></span> <span class='ocrx_word' id='word_1_12' title='bbox 723 753 756 812; x_wconf 88' lang='lat' dir='ltr'><strong>et</strong></span> <span class='ocrx_word' id='word_1_13' title='bbox 775 748 962 812; x_wconf 80' lang='lat' dir='ltr'><strong>simulacris</strong></span> <span class='ocrx_word' id='word_1_14' title='bbox 974 745 1141 826; x_wconf 87' lang='lat' dir='ltr'><strong>deorum&#39;’,</strong></span> <span class='ocrx_word' id='word_1_15' title='bbox 1154 766 1215 812; x_wconf 83' lang='lat' dir='ltr'><strong>neo</strong></span> <span class='ocrx_word' id='word_1_16' title='bbox 1226 749 1303 813; x_wconf 90' lang='lat' dir='ltr'><strong>Por·</strong></span> 
     </span>
     <span class='ocr_line' id='line_1_4' title="bbox 180 869 1302 954; baseline 0.004 -23"><span class='ocrx_word' id='word_1_17' title='bbox 180 870 301 952; x_wconf 89' lang='lat' dir='ltr'><strong>phyrio</strong></span> <span class='ocrx_word' id='word_1_18' title='bbox 324 869 466 953; x_wconf 87' lang='lat' dir='ltr'><strong>denique</strong></span> <span class='ocrx_word' id='word_1_19' title='bbox 490 873 532 935; x_wconf 87' lang='lat' dir='ltr'><strong>ad</strong></span> <span class='ocrx_word' id='word_1_20' title='bbox 558 870 638 936; x_wconf 88' lang='lat' dir='ltr'><strong>Hor.</strong></span> <span class='ocrx_word' id='word_1_21' title='bbox 662 873 723 937; x_wconf 86' lang='lat' dir='ltr'><strong>0d.</strong></span> <span class='ocrx_word' id='word_1_22' title='bbox 747 869 865 950; x_wconf 83' lang='lat' dir='ltr'><strong>11,1o,</strong></span> <span class='ocrx_word' id='word_1_23' title='bbox 890 873 949 936; x_wconf 84' lang='lat'><strong>14:</strong></span> <span class='ocrx_word' id='word_1_24' title='bbox 973 919 992 948; x_wconf 91' lang='lat'><em>„</em></span> <span class='ocrx_word' id='word_1_25' title='bbox 1003 869 1155 935; x_wconf 76' lang='lat' dir='ltr'><strong>Setinum</strong></span> <span class='ocrx_word' id='word_1_26' title='bbox 1178 872 1302 954; x_wconf 88' lang='lat' dir='ltr'><strong>patella</strong></span> 
     </span>
     <span class='ocr_line' id='line_1_5' title="bbox 180 995 1301 1078; baseline 0.004 -22"><span class='ocrx_word' id='word_1_27' title='bbox 180 995 214 1056; x_wconf 90' lang='lat' dir='ltr'><strong>in</strong></span> <span class='ocrx_word' id='word_1_28' title='bbox 239 1013 306 1077; x_wconf 89' lang='lat' dir='ltr'><strong>qua</strong></span> <span class='ocrx_word' id='word_1_29' title='bbox 329 996 500 1077; x_wconf 82' lang='lat' dir='ltr'><strong>primitiae</strong></span> <span class='ocrx_word' id='word_1_30' title='bbox 523 997 669 1060; x_wconf 83' lang='lat' dir='ltr'><strong>discum</strong></span> <span class='ocrx_word' id='word_1_31' title='bbox 691 997 759 1060; x_wconf 82' lang='lat' dir='ltr'><strong>sale</strong></span> <span class='ocrx_word' id='word_1_32' title='bbox 778 996 909 1072; x_wconf 89' lang='lat' dir='ltr'><strong>dantur,</strong></span> <span class='ocrx_word' id='word_1_33' title='bbox 921 995 977 1059; x_wconf 93' lang='lat' dir='ltr'><strong>sed</strong></span> <span class='ocrx_word' id='word_1_34' title='bbox 995 1015 1083 1059; x_wconf 89' lang='lat' dir='ltr'><strong>nuno</strong></span> <span class='ocrx_word' id='word_1_35' title='bbox 1094 1015 1153 1078; x_wconf 94' lang='lat' dir='ltr'><strong>pro</strong></span> <span class='ocrx_word' id='word_1_36' title='bbox 1166 996 1301 1060; x_wconf 81' lang='lat' dir='ltr'><strong>vasculo</strong></span> 
     </span>
     <span class='ocr_line' id='line_1_6' title="bbox 180 1120 1301 1203; baseline -0.001 -20"><span class='ocrx_word' id='word_1_37' title='bbox 180 1120 357 1185; x_wconf 83' lang='lat' dir='ltr'><strong>domestico</strong></span> <span class='ocrx_word' id='word_1_38' title='bbox 377 1122 455 1186; x_wconf 90' lang='lat' dir='ltr'><strong>salis</strong></span> <span class='ocrx_word' id='word_1_39' title='bbox 475 1121 590 1201; x_wconf 86' lang='lat' dir='ltr'><strong>dixit”,</strong></span> <span class='ocrx_word' id='word_1_40' title='bbox 610 1159 654 1169; x_wconf 94' lang='lat'><em>-</em></span> <span class='ocrx_word' id='word_1_41' title='bbox 674 1123 789 1185; x_wconf 88' lang='lat' dir='ltr'><strong>nullus</strong></span> <span class='ocrx_word' id='word_1_42' title='bbox 810 1123 928 1185; x_wconf 87' lang='lat' dir='ltr'><strong>horum</strong></span> <span class='ocrx_word' id='word_1_43' title='bbox 948 1121 1108 1197; x_wconf 83' lang='lat' dir='ltr'><strong>locorum,</strong></span> <span class='ocrx_word' id='word_1_44' title='bbox 1121 1139 1230 1203; x_wconf 89' lang='lat' dir='ltr'><strong>neque</strong></span> <span class='ocrx_word' id='word_1_45' title='bbox 1242 1120 1301 1183; x_wconf 92' lang='lat' dir='ltr'><strong>alii</strong></span> 
     </span>
     <span class='ocr_line' id='line_1_7' title="bbox 180 1244 1301 1328; baseline -0.002 -19"><span class='ocrx_word' id='word_1_46' title='bbox 180 1248 239 1328; x_wconf 89' lang='lat' dir='ltr'><strong>qui</strong></span> <span class='ocrx_word' id='word_1_47' title='bbox 263 1248 439 1311; x_wconf 81' lang='lat' dir='ltr'><strong>honorem</strong></span> <span class='ocrx_word' id='word_1_48' title='bbox 467 1255 610 1312; x_wconf 83' lang='lat' dir='ltr'><strong>tractant</strong></span> <span class='ocrx_word' id='word_1_49' title='bbox 635 1247 740 1311; x_wconf 87' lang='lat' dir='ltr'><strong>veluti</strong></span> <span class='ocrx_word' id='word_1_50' title='bbox 766 1247 882 1311; x_wconf 81' lang='lat' dir='ltr'><strong>Horat.</strong></span> <span class='ocrx_word' id='word_1_51' title='bbox 907 1244 967 1310; x_wconf 90' lang='lat' dir='ltr'><strong>Od.</strong></span> <span class='ocrx_word' id='word_1_52' title='bbox 991 1244 1033 1324; x_wconf 88' lang='lat' dir='ltr'><strong>II,</strong></span> <span class='ocrx_word' id='word_1_53' title='bbox 1063 1247 1113 1323; x_wconf 87' lang='lat'><strong>16,</strong></span> <span class='ocrx_word' id='word_1_54' title='bbox 1138 1247 1189 1323; x_wconf 86' lang='lat'><strong>13,</strong></span> <span class='ocrx_word' id='word_1_55' title='bbox 1213 1245 1301 1309; x_wconf 88' lang='lat' dir='ltr'><strong>Pars.</strong></span> 
     </span>
     <span class='ocr_line' id='line_1_8' title="bbox 180 1369 1301 1450; baseline -0.001 -16"><span class='ocrx_word' id='word_1_56' title='bbox 180 1372 245 1437; x_wconf 85' lang='lat' dir='ltr'><strong>Sat.</strong></span> <span class='ocrx_word' id='word_1_57' title='bbox 277 1370 338 1450; x_wconf 90' lang='lat' dir='ltr'>III,</span> <span class='ocrx_word' id='word_1_58' title='bbox 368 1374 419 1449; x_wconf 75' lang='lat'><strong>25,</strong></span> <span class='ocrx_word' id='word_1_59' title='bbox 444 1373 526 1436; x_wconf 89' lang='lat' dir='ltr'><strong>Stat.</strong></span> <span class='ocrx_word' id='word_1_60' title='bbox 552 1373 632 1436; x_wconf 88' lang='lat' dir='ltr'><strong>Silv.</strong></span> <span class='ocrx_word' id='word_1_61' title='bbox 656 1369 684 1448; x_wconf 89' lang='lat' dir='ltr'><strong>I,</strong></span> <span class='ocrx_word' id='word_1_62' title='bbox 709 1375 740 1448; x_wconf 82' lang='lat'><strong>4,</strong></span> <span class='ocrx_word' id='word_1_63' title='bbox 768 1373 827 1433; x_wconf 87' lang='grc'><strong>131</strong></span> <span class='ocrx_word' id='word_1_64' title='bbox 853 1390 912 1435; x_wconf 90' lang='lat' dir='ltr'><strong>nos</strong></span> <span class='ocrx_word' id='word_1_65' title='bbox 936 1371 1053 1434; x_wconf 82' lang='lat' dir='ltr'>docent</span> <span class='ocrx_word' id='word_1_66' title='bbox 1077 1371 1157 1434; x_wconf 84' lang='lat' dir='ltr'><strong>haee</strong></span> <span class='ocrx_word' id='word_1_67' title='bbox 1180 1370 1301 1434; x_wconf 83' lang='lat' dir='ltr'><strong>adorea</strong></span> 
     </span>
     <span class='ocr_line' id='line_1_9' title="bbox 180 1494 1302 1578; baseline -0.001 -21"><span class='ocrx_word' id='word_1_68' title='bbox 180 1495 258 1572; x_wconf 86' lang='lat' dir='ltr'><strong>liba,</strong></span> <span class='ocrx_word' id='word_1_69' title='bbox 295 1495 351 1559; x_wconf 83' lang='lat' dir='ltr'><strong>vel</strong></span> <span class='ocrx_word' id='word_1_70' title='bbox 388 1515 517 1560; x_wconf 88' lang='lat' dir='ltr'><strong>mensas</strong></span> <span class='ocrx_word' id='word_1_71' title='bbox 551 1496 703 1578; x_wconf 86' lang='lat' dir='ltr'><strong>panioeas</strong></span> <span class='ocrx_word' id='word_1_72' title='bbox 735 1514 885 1577; x_wconf 87' lang='lat' dir='ltr'><strong>unquam</strong></span> <span class='ocrx_word' id='word_1_73' title='bbox 916 1495 1141 1558; x_wconf 76' lang='lat' dir='ltr'><strong>sustentacula</strong></span> <span class='ocrx_word' id='word_1_74' title='bbox 1164 1494 1302 1577; x_wconf 86' lang='lat' dir='ltr'><strong>dapibus</strong></span> 
     </span>
     <span class='ocr_line' id='line_1_10' title="bbox 179 1619 1300 1703; baseline -0.001 -21"><span class='ocrx_word' id='word_1_75' title='bbox 179 1620 240 1683; x_wconf 89' lang='lat' dir='ltr'><strong>diis</strong></span> <span class='ocrx_word' id='word_1_76' title='bbox 270 1622 406 1684; x_wconf 83' lang='lat' dir='ltr'><strong>seeretis</strong></span> <span class='ocrx_word' id='word_1_77' title='bbox 437 1621 547 1684; x_wconf 88' lang='lat' dir='ltr'><strong>fuisse.</strong></span> <span class='ocrx_word' id='word_1_78' title='bbox 581 1620 799 1703; x_wconf 68' lang='lat' dir='ltr'><strong>(Schweglem</strong></span> <span class='ocrx_word' id='word_1_79' title='bbox 824 1619 913 1696; x_wconf 81' lang='lat' dir='ltr'><strong>„Ais</strong></span> <span class='ocrx_word' id='word_1_80' title='bbox 939 1619 1116 1700; x_wconf 85' lang='lat' dir='ltr'><strong>Unterlage</strong></span> <span class='ocrx_word' id='word_1_81' title='bbox 1139 1619 1191 1681; x_wconf 83' lang='lat' dir='ltr'><strong>tiir</strong></span> <span class='ocrx_word' id='word_1_82' title='bbox 1213 1619 1300 1682; x_wconf 89' lang='lat' dir='ltr'><strong>diese</strong></span> 
     </span>
     <span class='ocr_line' id='line_1_11' title="bbox 180 1744 1300 1827; baseline -0.001 -20"><span class='ocrx_word' id='word_1_83' title='bbox 180 1745 330 1826; x_wconf 90' lang='lat' dir='ltr'><strong>Spenden</strong></span> <span class='ocrx_word' id='word_1_84' title='bbox 374 1765 416 1808; x_wconf 89' lang='lat' dir='ltr'><strong>an</strong></span> <span class='ocrx_word' id='word_1_85' title='bbox 460 1745 513 1810; x_wconf 91' lang='lat' dir='ltr'><strong>die</strong></span> <span class='ocrx_word' id='word_1_86' title='bbox 556 1746 704 1810; x_wconf 89' lang='lat' dir='ltr'><strong>Penaten</strong></span> <span class='ocrx_word' id='word_1_87' title='bbox 746 1745 947 1827; x_wconf 82' lang='lat' dir='ltr'>gebrauchte</span> <span class='ocrx_word' id='word_1_88' title='bbox 981 1762 1058 1806; x_wconf 84' lang='lat' dir='ltr'><strong>man</strong></span> <span class='ocrx_word' id='word_1_89' title='bbox 1091 1744 1300 1826; x_wconf 80' lang='lat' dir='ltr'><strong>gewiihnlioh</strong></span> 
     </span>
     <span class='ocr_line' id='line_1_12' title="bbox 180 1867 1300 1951; baseline 0 -19"><span class='ocrx_word' id='word_1_90' title='bbox 180 1871 336 1934; x_wconf 83' lang='lat' dir='ltr'><strong>trookene</strong></span> <span class='ocrx_word' id='word_1_91' title='bbox 361 1870 579 1935; x_wconf 84' lang='lat' dir='ltr'><strong>Brodkuohen</strong></span> <span class='ocrx_word' id='word_1_92' title='bbox 605 1871 683 1934; x_wconf 86' lang='lat' dir='ltr'><strong>oder</strong></span> <span class='ocrx_word' id='word_1_93' title='bbox 707 1870 844 1946; x_wconf 84' lang='lat' dir='ltr'><strong>Fladen,</strong></span> <span class='ocrx_word' id='word_1_94' title='bbox 867 1871 915 1932; x_wconf 94' lang='lat' dir='ltr'><strong>sie</strong></span> <span class='ocrx_word' id='word_1_95' title='bbox 938 1867 1065 1932; x_wconf 76' lang='lat' dir='ltr'><strong>hiessen</strong></span> <span class='ocrx_word' id='word_1_96' title='bbox 1090 1887 1223 1932; x_wconf 87' lang='lat' dir='ltr'><strong>mensae</strong></span> <span class='ocrx_word' id='word_1_97' title='bbox 1245 1889 1300 1951; x_wconf 87' lang='lat' dir='ltr'><strong>pa·</strong></span> 
     </span>
     <span class='ocr_line' id='line_1_13' title="bbox 178 1991 1302 2071; baseline 0.002 -16"><span class='ocrx_word' id='word_1_98' title='bbox 178 1993 324 2057; x_wconf 82' lang='lat' dir='ltr'><strong>niceae”.</strong></span> <span class='ocrx_word' id='word_1_99' title='bbox 361 1993 502 2057; x_wconf 89' lang='lat' dir='ltr'><strong>Preller:</strong></span> <span class='ocrx_word' id='word_1_100' title='bbox 532 1995 723 2071; x_wconf 76' lang='lat' dir='ltr'><strong>„Wiihrend</strong></span> <span class='ocrx_word' id='word_1_101' title='bbox 752 1995 788 2056; x_wconf 88' lang='lat' dir='ltr'><strong>in</strong></span> <span class='ocrx_word' id='word_1_102' title='bbox 812 1992 986 2056; x_wconf 87' lang='lat' dir='ltr'><strong>Wahrheit</strong></span> <span class='ocrx_word' id='word_1_103' title='bbox 1008 1994 1096 2058; x_wconf 90' lang='lat' dir='ltr'><strong>diese</strong></span> <span class='ocrx_word' id='word_1_104' title='bbox 1120 1991 1302 2057; x_wconf 89' lang='lat' dir='ltr'><strong>Brottisohe</strong></span> 
     </span>
     <span class='ocr_line' id='line_1_14' title="bbox 177 2118 1300 2200; baseline -0.002 -18"><span class='ocrx_word' id='word_1_105' title='bbox 177 2121 230 2183; x_wconf 91' lang='lat' dir='ltr'><strong>die</strong></span> <span class='ocrx_word' id='word_1_106' title='bbox 261 2119 478 2184; x_wconf 78' lang='lat' dir='ltr'><strong>natiirliohen</strong></span> <span class='ocrx_word' id='word_1_107' title='bbox 505 2119 664 2200; x_wconf 85' lang='lat' dir='ltr'><strong>Symbole</strong></span> <span class='ocrx_word' id='word_1_108' title='bbox 689 2120 743 2182; x_wconf 89' lang='lat' dir='ltr'><strong>des</strong></span> <span class='ocrx_word' id='word_1_109' title='bbox 767 2119 982 2182; x_wconf 84' lang='lat' dir='ltr'><strong>Latinisrhen</strong></span> <span class='ocrx_word' id='word_1_110' title='bbox 1008 2119 1077 2182; x_wconf 90' lang='lat' dir='ltr'><strong>und</strong></span> <span class='ocrx_word' id='word_1_111' title='bbox 1100 2118 1300 2182; x_wconf 84' lang='lat' dir='ltr'><strong>Romisohen</strong></span> 
     </span>
     <span class='ocr_line' id='line_1_15' title="bbox 178 2241 1301 2324; baseline 0 -19"><span class='ocrx_word' id='word_1_112' title='bbox 178 2241 470 2306; x_wconf 87' lang='lat' dir='ltr'><strong>Penatendienstes</strong></span> <span class='ocrx_word' id='word_1_113' title='bbox 493 2242 576 2320; x_wconf 89' lang='lat' dir='ltr'><strong>sind,</strong></span> <span class='ocrx_word' id='word_1_114' title='bbox 600 2245 636 2305; x_wconf 91' lang='lat' dir='ltr'><strong>in</strong></span> <span class='ocrx_word' id='word_1_115' title='bbox 662 2243 736 2306; x_wconf 90' lang='lat' dir='ltr'><strong>dem</strong></span> <span class='ocrx_word' id='word_1_116' title='bbox 760 2243 807 2305; x_wconf 90' lang='lat' dir='ltr'><strong>sie</strong></span> <span class='ocrx_word' id='word_1_117' title='bbox 828 2242 1035 2323; x_wconf 79' lang='lat' dir='ltr'><strong>gewithntieh</strong></span> <span class='ocrx_word' id='word_1_118' title='bbox 1055 2242 1102 2305; x_wconf 87' lang='lat' dir='ltr'><strong>als</strong></span> <span class='ocrx_word' id='word_1_119' title='bbox 1121 2242 1301 2324; x_wconf 85' lang='lat' dir='ltr'><strong>Unterlage</strong></span> 
     </span>
     <span class='ocr_line' id='line_1_16' title="bbox 178 2366 1298 2450; baseline -0.001 -20"><span class='ocrx_word' id='word_1_120' title='bbox 178 2367 235 2430; x_wconf 90' lang='lat' dir='ltr'><strong>der</strong></span> <span class='ocrx_word' id='word_1_121' title='bbox 261 2368 348 2431; x_wconf 91' lang='lat' dir='ltr'><strong>beim</strong></span> <span class='ocrx_word' id='word_1_122' title='bbox 372 2367 546 2450; x_wconf 77' lang='lat' dir='ltr'><strong>tigliohem</strong></span> <span class='ocrx_word' id='word_1_123' title='bbox 572 2367 659 2431; x_wconf 88' lang='lat' dir='ltr'><strong>Male</strong></span> <span class='ocrx_word' id='word_1_124' title='bbox 684 2367 988 2450; x_wconf 79' lang='lat' dir='ltr'><strong>darzubringenden</strong></span> <span class='ocrx_word' id='word_1_125' title='bbox 1013 2367 1145 2450; x_wconf 86' lang='lat' dir='ltr'><strong>Speisen</strong></span> <span class='ocrx_word' id='word_1_126' title='bbox 1166 2366 1298 2431; x_wconf 88' lang='lat' dir='ltr'><strong>dienten</strong></span> 
     </span>
    </p>
   </div>
   <div class='ocr_carea' id='block_1_3' title="bbox 177 2490 616 2576">
    <p class='ocr_par' dir='ltr' id='par_1_3' title="bbox 177 2490 616 2576">
     <span class='ocr_line' id='line_1_17' title="bbox 177 2490 616 2576; baseline 0.002 -21"><span class='ocrx_word' id='word_1_127' title='bbox 177 2492 228 2574; x_wconf 87' lang='lat' dir='ltr'><strong>(of.</strong></span> <span class='ocrx_word' id='word_1_128' title='bbox 253 2490 347 2556; x_wconf 88' lang='lat' dir='ltr'>Oben</span> <span class='ocrx_word' id='word_1_129' title='bbox 372 2493 404 2556; x_wconf 85' lang='lat' dir='ltr'><strong>S.</strong></span> <span class='ocrx_word' id='word_1_130' title='bbox 431 2494 504 2570; x_wconf 87' lang='lat'><strong>158,</strong></span> <span class='ocrx_word' id='word_1_131' title='bbox 530 2491 616 2576; x_wconf 83' lang='lat'><strong>1).”).</strong></span> 
     </span>
    </p>
   </div>
   <div class='ocr_carea' id='block_1_4' title="bbox 219 2614 1298 2702">
    <p class='ocr_par' dir='ltr' id='par_1_4' title="bbox 219 2614 1298 2702">
     <span class='ocr_line' id='line_1_18' title="bbox 219 2614 1298 2702; baseline -0.003 -19"><span class='ocrx_word' id='word_1_132' title='bbox 219 2616 316 2698; x_wconf 72' lang='lat' dir='ltr'><strong>Quod</strong></span> <span class='ocrx_word' id='word_1_133' title='bbox 350 2619 493 2701; x_wconf 88' lang='lat' dir='ltr'><strong>denique</strong></span> <span class='ocrx_word' id='word_1_134' title='bbox 524 2618 657 2682; x_wconf 87' lang='lat' dir='ltr'><strong>Servius</strong></span> <span class='ocrx_word' id='word_1_135' title='bbox 686 2619 815 2702; x_wconf 87' lang='lat' dir='ltr'><strong>primus</strong></span> <span class='ocrx_word' id='word_1_136' title='bbox 846 2619 947 2682; x_wconf 89' lang='lat' dir='ltr'><strong>verba</strong></span> <span class='ocrx_word' id='word_1_137' title='bbox 970 2614 1134 2695; x_wconf 84' lang='lat' dir='ltr'><strong>„mensa”</strong></span> <span class='ocrx_word' id='word_1_138' title='bbox 1155 2622 1188 2682; x_wconf 88' lang='lat' dir='ltr'><strong>et</strong></span> <span class='ocrx_word' id='word_1_139' title='bbox 1212 2637 1298 2701; x_wconf 81' lang='lat' dir='ltr'><strong>„pa-</strong></span> 
     </span>
    </p>
   </div>
   <div class='ocr_carea' id='block_1_5' title="bbox 173 2739 1298 3324">
    <p class='ocr_par' dir='ltr' id='par_1_5' title="bbox 173 2739 1298 3324">
     <span class='ocr_line' id='line_1_19' title="bbox 176 2739 1298 2825; baseline 0.001 -21"><span class='ocrx_word' id='word_1_140' title='bbox 176 2739 291 2806; x_wconf 87' lang='lat' dir='ltr'><strong>nioea&#39;’</strong></span> <span class='ocrx_word' id='word_1_141' title='bbox 317 2743 489 2825; x_wconf 79' lang='lat' dir='ltr'><strong>conjunxit</strong></span> <span class='ocrx_word' id='word_1_142' title='bbox 512 2762 579 2806; x_wconf 92' lang='lat' dir='ltr'><strong>non</strong></span> <span class='ocrx_word' id='word_1_143' title='bbox 603 2760 735 2823; x_wconf 88' lang='lat' dir='ltr'><strong>possum</strong></span> <span class='ocrx_word' id='word_1_144' title='bbox 757 2762 823 2806; x_wconf 90' lang='lat' dir='ltr'><strong>non</strong></span> <span class='ocrx_word' id='word_1_145' title='bbox 844 2742 975 2806; x_wconf 85' lang='lat' dir='ltr'><strong>credere</strong></span> <span class='ocrx_word' id='word_1_146' title='bbox 987 2761 1064 2805; x_wconf 88' lang='lat' dir='ltr'><strong>eum</strong></span> <span class='ocrx_word' id='word_1_147' title='bbox 1075 2741 1184 2806; x_wconf 89' lang='lat' dir='ltr'><strong>studio</strong></span> <span class='ocrx_word' id='word_1_148' title='bbox 1196 2743 1298 2825; x_wconf 89' lang='lat' dir='ltr'><strong>expli-</strong></span> 
     </span>
     <span class='ocr_line' id='line_1_20' title="bbox 176 2866 1295 2949; baseline -0.001 -20"><span class='ocrx_word' id='word_1_149' title='bbox 176 2867 271 2929; x_wconf 85' lang='lat' dir='ltr'><strong>candi</strong></span> <span class='ocrx_word' id='word_1_150' title='bbox 308 2867 504 2949; x_wconf 83' lang='lat' dir='ltr'><strong>perductum</strong></span> <span class='ocrx_word' id='word_1_151' title='bbox 543 2868 644 2930; x_wconf 89' lang='lat' dir='ltr'><strong>verba</strong></span> <span class='ocrx_word' id='word_1_152' title='bbox 680 2868 783 2930; x_wconf 81' lang='lat' dir='ltr'><strong>citata</strong></span> <span class='ocrx_word' id='word_1_153' title='bbox 816 2867 991 2949; x_wconf 83' lang='lat' dir='ltr'><strong>scripsisse,</strong></span> <span class='ocrx_word' id='word_1_154' title='bbox 1026 2867 1114 2948; x_wconf 89' lang='lat' dir='ltr'><strong>quod</strong></span> <span class='ocrx_word' id='word_1_155' title='bbox 1148 2866 1295 2930; x_wconf 88' lang='lat' dir='ltr'><strong>studium</strong></span> 
     </span>
     <span class='ocr_line' id='line_1_21' title="bbox 175 2989 1295 3073; baseline -0.001 -19"><span class='ocrx_word' id='word_1_156' title='bbox 175 3010 273 3054; x_wconf 84' lang='lat' dir='ltr'><strong>eausa</strong></span> <span class='ocrx_word' id='word_1_157' title='bbox 296 2992 393 3054; x_wconf 85' lang='lat' dir='ltr'><strong>fuisse</strong></span> <span class='ocrx_word' id='word_1_158' title='bbox 421 2989 503 3053; x_wconf 91' lang='lat' dir='ltr'><strong>mihi</strong></span> <span class='ocrx_word' id='word_1_159' title='bbox 528 2992 667 3068; x_wconf 89' lang='lat' dir='ltr'><strong>videtur,</strong></span> <span class='ocrx_word' id='word_1_160' title='bbox 691 3009 776 3073; x_wconf 90' lang='lat' dir='ltr'><strong>quae</strong></span> <span class='ocrx_word' id='word_1_161' title='bbox 802 2991 926 3054; x_wconf 84' lang='lat' dir='ltr'><strong>multos</strong></span> <span class='ocrx_word' id='word_1_162' title='bbox 949 2991 1142 3073; x_wconf 87' lang='lat' dir='ltr'><strong>posteriores</strong></span> <span class='ocrx_word' id='word_1_163' title='bbox 1165 2996 1198 3054; x_wconf 91' lang='lat' dir='ltr'><strong>et</strong></span> <span class='ocrx_word' id='word_1_164' title='bbox 1221 2991 1295 3054; x_wconf 87' lang='lat' dir='ltr'><strong>sori·</strong></span> 
     </span>
     <span class='ocr_line' id='line_1_22' title="bbox 173 3116 1296 3200; baseline -0.001 -20"><span class='ocrx_word' id='word_1_165' title='bbox 173 3122 281 3198; x_wconf 90' lang='lat' dir='ltr'><strong>ptores</strong></span> <span class='ocrx_word' id='word_1_166' title='bbox 312 3124 346 3181; x_wconf 94' lang='lat' dir='ltr'><strong>et</strong></span> <span class='ocrx_word' id='word_1_167' title='bbox 376 3123 655 3182; x_wconf 82' lang='lat' dir='ltr'><strong>commentatores</strong></span> <span class='ocrx_word' id='word_1_168' title='bbox 687 3117 841 3200; x_wconf 83' lang='lat' dir='ltr'><strong>Vergilii,</strong></span> <span class='ocrx_word' id='word_1_169' title='bbox 866 3123 903 3180; x_wconf 91' lang='lat' dir='ltr'><strong>ut</strong></span> <span class='ocrx_word' id='word_1_170' title='bbox 925 3116 1141 3180; x_wconf 86' lang='lat' dir='ltr'><strong>Gossravium</strong></span> <span class='ocrx_word' id='word_1_171' title='bbox 1164 3121 1198 3180; x_wconf 93' lang='lat' dir='ltr'><strong>et</strong></span> <span class='ocrx_word' id='word_1_172' title='bbox 1221 3118 1296 3181; x_wconf 85' lang='lat' dir='ltr'><strong>For·</strong></span> 
     </span>
     <span class='ocr_line' id='line_1_23' title="bbox 175 3242 731 3324; baseline 0.002 -20"><span class='ocrx_word' id='word_1_173' title='bbox 175 3242 336 3324; x_wconf 83' lang='lat' dir='ltr'><strong>bigerum,</strong></span> <span class='ocrx_word' id='word_1_174' title='bbox 360 3250 395 3304; x_wconf 88' lang='lat' dir='ltr'><strong>in</strong></span> <span class='ocrx_word' id='word_1_175' title='bbox 419 3261 562 3306; x_wconf 89' lang='lat' dir='ltr'><strong>errorem</strong></span> <span class='ocrx_word' id='word_1_176' title='bbox 587 3242 731 3305; x_wconf 88' lang='lat' dir='ltr'><strong>induxit.</strong></span> 
     </span>
    </p>
   </div>
   <div class='ocr_carea' id='block_1_6' title="bbox 0 0 1482 5040">
    <p class='ocr_par' dir='ltr' id='par_1_6' title="bbox 0 0 1482 5040">
     <span class='ocr_line' id='line_1_24' title="bbox 0 0 1482 5040; baseline 0 3"><span class='ocrx_word' id='word_1_177' title='bbox 0 0 1482 5040; x_wconf 95' lang='lat' dir='ltr'><strong> </strong></span> 
     </span>
    </p>
   </div>
  </div>
 </body>
</html>
