2956 5040
663 411 701 470 35

166 615 220 678 Sic
250 616 371 692 fabula,
403 621 586 697 temporum
616 634 713 679 cursu
740 615 843 697 magis
869 615 1036 696 magisque
1059 632 1092 678 se
1115 611 1155 676 ad
1180 633 1236 678 uo·

122 739 250 803 minum
282 741 434 822 inprimis
466 741 710 805 maritimorum
739 739 885 803 locorum
911 739 1053 822 origines
1074 739 1238 821 explican·

122 867 180 929 das
209 867 434 944 accomodans,
466 868 579 950 priscis
610 867 705 930 rebus
728 867 809 930 actis
834 866 1059 930 Romanorum
1085 867 1238 929 subtexta

122 1010 225 1074 eoque
251 993 345 1057 modo
370 993 530 1056 Romanis
554 990 728 1055 familiaris
751 991 839 1055 facta
860 997 916 1054 est.
936 990 1237 1056 Aeneasafahnlae

122 1116 219 1180 initio
253 1117 320 1179 dux
343 1119 554 1200 princepsque
582 1117 809 1199 Trojanorum,
834 1119 1005 1198 postquam
1031 1117 1072 1178 ad
1094 1117 1237 1179 Lauren-

126 1245 195 1303 tum
227 1261 341 1324 agrum
376 1243 506 1325 appulit
529 1247 562 1306 et
585 1243 708 1306 occisus
733 1260 893 1323 nusquam
919 1241 1082 1324 apparuit,
1106 1242 1140 1303 in
1166 1241 1238 1303 deo·

126 1387 200 1429 rum
226 1387 364 1431 numero
388 1368 520 1445 relatus,
547 1363 649 1429 Divus
673 1367 771 1430 Pater
790 1365 919 1447 Indiges
940 1369 1073 1427 vocatus
1092 1368 1148 1442 est,
1162 1383 1192 1448 q.
1207 1364 1237 1428 d.

128 1489 215 1554 Dens
238 1491 432 1556 Latinorum
457 1498 523 1555 tam
547 1492 738 1574 priscorum,
765 1496 801 1553 ut
823 1491 891 1572 eJus
911 1488 1019 1552 cultus
1035 1492 1237 1570 honoresque

127 1637 168 1680 ex
193 1618 366 1681 hominnm
392 1618 551 1682 memoria
575 1614 778 1692 excesserint,
802 1616 867 1693 oni,
893 1623 928 1678 ut
949 1615 1238 1696 Dionysinstradit

124 1742 152 1820 1,
190 1743 240 1818 64,
272 1745 342 1825 jam
375 1744 485 1806 Latini
519 1743 680 1826 templum
706 1741 918 1806 condiderant
942 1743 1002 1806 hac
1025 1742 1238 1824 inscriptione

125 1874 298 1933 ornatum:
334 1868 475 1948 „Hermo
510 1869 570 1932 θεοῦ
601 1866 722 1948 χθονίου,
756 1865 786 1939 ὃς
816 1870 952 1942 ποταμοῦ
983 1865 1123 1944 Νομικίου
1146 1869 1239 1947 ῥεῦμα

124 1991 247 2056 διέπεο.”
283 1994 348 2057 Hos
380 2001 492 2058 autem
532 1996 668 2058 honores
703 2013 768 2057 non
799 1994 829 2056 ei
862 1994 927 2055 nisi
956 1994 1043 2056 inter
1066 1993 1238 2057 *Romanos

123 2121 298 2184 obvenisse
322 2121 422 2184 verba
445 2118 588 2183 Cononis
612 2118 706 2182 Narr.
730 2119 776 2181 sd
798 2124 968 2195 testantur,
989 2118 1048 2200 qui
1066 2125 1237 2201 postquam

124 2245 331 2310 ornatissime
357 2246 486 2310 fabulae
510 2246 668 2309 Graecam
695 2244 832 2309 sormam
860 2244 1016 2321 narravit,
1038 2245 1150 2326 paucis
1170 2262 1239 2306 ver-

124 2373 178 2436 bis
219 2373 405 2436 Romanam
450 2372 597 2435 fabulam
640 2376 878 2436 commemorat
912 2355 1051 2452 eamque
1085 2370 1240 2435 omnibus

125 2503 239 2560 notam
264 2498 345 2560 dicit
369 2498 432 2580 (pg.
460 2497 508 2574 lt,
536 2499 598 2579 18).

173 2623 201 2683 E
225 2623 354 2704 scriptis
377 2624 479 2706 igitur
504 2621 698 2686 testimoniis
723 2624 802 2687 haec
827 2622 905 2685 effici
933 2627 1085 2704 possunt:

173 2748 210 2811 In
241 2748 345 2813 Iliade
369 2754 402 2813 et
426 2749 462 2811 iu
488 2750 612 2830 hymno
636 2749 677 2811 ad
700 2748 902 2831 Aphroditen
925 2749 1104 2830 imperium
1130 2748 1238 2831 Troja-

126 2894 248 2938 uornm
273 2873 405 2938 Aeneae
430 2874 655 2957 Aeneadisque
682 2876 884 2958 praedictum
909 2881 966 2940 est.

174 3001 366 3065 Hellanicus
389 3003 515 3083 primus
539 3003 689 3066 omnium
711 3001 858 3065 Aeneam
881 3022 922 3065 ex
942 3001 1021 3064 Asia
1032 3000 1072 3065 ad
1085 3003 1240 3066 Pallenen

128 3127 288 3204 traduxit,
325 3127 458 3191 fortasse
492 3128 578 3209 quod
615 3128 710 3220 huJus
742 3129 883 3211 regionis
915 3129 1042 3192 incolae
1072 3128 1135 3190 sibi
1159 3129 1242 3190 hanc

127 3253 289 3335 originem
315 3253 538 3331 vindicabant,
564 3254 603 3316 cf.
628 3252 747 3317 Herod.
778 3253 814 3331 V,
841 3254 892 3331 13,
917 3253 990 3330 VII,
1016 3253 1067 3314 20.

175 3375 298 3441 Callias
321 3384 353 3441 et
375 3377 530 3442 Timaeus
551 3399 615 3442 non
640 3378 786 3443 Aeneam
810 3380 864 3442 sed
877 3377 1034 3462 Trojanos
1046 3399 1121 3443 eum
1135 3379 1243 3444 Roma

129 3504 333 3586 Lavinioqne
356 3507 548 3588 conjunctos
572 3506 738 3571 dixerunt.

177 3626 216 3692 In
246 3628 433 3695 Alexandra
462 3631 597 3713 qnidam
633 3629 842 3694 Alexandrae
866 3631 1128 3713 consanguineus
1150 3631 1244 3695 nobis

130 3756 314 3838 propositus
337 3762 394 3833 est,
418 3759 509 3840 cujus
527 3757 596 3820 feta
616 3757 785 3840 scriptores
806 3757 997 3839 posteriores
1017 3756 1147 3823 Aeneae
1169 3759 1245 3821 assi·

130 3888 329 3965 gnaverunt.

179 4002 324 4071 Naevius
357 4007 488 4073 Aeneae
518 4010 683 4073 decessum
717 4029 735 4072 e
766 4010 873 4092 Troja‚
904 4011 1036 4092 ejusque
1068 4010 1242 4094 appulsum

131 4132 175 4194 ad
208 4131 341 4195 Italiam
378 4133 556 4203 vernacule
589 4132 700 4216 lingue
736 4133 821 4215 apud
858 4133 1024 4198 Romanos
1046 4135 1241 4197 introduxit.
1354 4153 1355 4158 ¹

133 4258 213 4321 Post
242 4277 318 4330 enm
349 4258 496 4322 fabulam
529 4259 629 4320 variis
660 4258 894 4321 additamentis
927 4265 1075 4321 ornatam
1102 4278 1244 4323 crescere

136 4382 297 4446 videmus.
