2956 5040
727 324 766 386 70

190 535 308 600 Graeci
340 533 495 612 Themin,
526 534 752 598 Romanorum
779 533 950 616 scriptores
972 533 1194 599 Garinentam
1223 535 1322 621 (Θετ-

189 658 307 745 τίῳδνν)
346 664 477 737 vocant,
509 659 568 741 qui
599 663 671 722 orta
701 658 859 723 seditione
891 660 979 723 inter
1000 659 1088 722 cives
1112 679 1175 723 sua
1199 666 1322 743 sponte

189 788 303 849 tamen
336 784 499 867 migravit.
534 782 739 865 Aborigines,
764 802 907 865 quorum
941 804 998 848 rex
1026 784 1175 862 Faunus,
1201 786 1324 850 Martis

188 908 277 973 filius
311 908 421 972 audax
451 907 668 990 prudensque,
702 927 722 969 a
754 907 915 971 Romanis
946 908 1114 971 sacrificiis
1140 913 1174 971 et
1200 911 1322 973 carmi·

190 1034 289 1098 nibus
314 1037 351 1096 ut
376 1051 462 1096 unus
486 1051 503 1096 e
527 1032 591 1095 diis
614 1032 731 1114 patriis
756 1033 935 1096 honoratus
958 1037 1016 1109 eat,
1037 1032 1197 1096 Evandro
1219 1033 1323 1098 comi-

191 1160 346 1241 tibusque
383 1176 500 1241 agrum
535 1164 697 1240 quantum
734 1158 911 1222 voluerunt
945 1158 1079 1235 dedisse,
1113 1176 1219 1240 quem
1255 1161 1322 1224 sibi

190 1279 359 1346 Themidis
390 1282 521 1347 monitu
554 1282 590 1344 in
623 1282 707 1346 colle
730 1300 832 1365 prope
854 1281 1002 1345 Tiberim
1027 1283 1237 1362 delegerunt,
1261 1285 1323 1348 ubi

191 1409 302 1472 vicum
327 1426 478 1491 parvum,
503 1406 582 1471 olim
604 1407 638 1469 in
659 1424 737 1470 suae
757 1406 885 1489 patriae
898 1406 1094 1470 memoriam
1107 1406 1320 1486 Palantiurn,

193 1551 281 1595 nunc
314 1537 426 1595 autem
463 1550 484 1594 a
520 1531 685 1594 Romanis
716 1530 885 1593 Palatium
920 1530 1058 1606 dictum,
1088 1531 1319 1598 aedificarunt.

192 1655 281 1719 Intra
314 1656 412 1719 refert
443 1674 477 1719 se
504 1654 660 1718 Evandro
684 1651 948 1735 Carmentaeque
970 1653 1129 1717 sacrificia
1152 1653 1321 1719 solemnia

196 1778 302 1843 lacere
327 1777 446 1841 vidisse
471 1783 504 1842 et
528 1796 640 1841 eorum
664 1796 747 1854 aras,
759 1778 899 1840 alteram
920 1774 1319 1860 (larnrentaeadpostarn

193 1901 440 1967 Carmentalem
473 1902 535 1966 sub
566 1921 604 1967 eo
633 1902 724 1980 colle,
749 1902 807 1984 qui
831 1900 1040 1984 Capitolinus
1063 1907 1211 1981 vocatur,
1237 1905 1320 1969 alte·

192 2044 262 2089 ram
295 2026 443 2090 Evandri
475 2027 517 2089 ad
548 2026 666 2091 collem
691 2024 899 2090 Aventinum
926 2046 1027 2109 prope
1049 2028 1321 2112 portam.Trige-

195 2148 333 2227 minam,
358 2153 390 2213 et
413 2149 485 2214 Lib.
511 2147 556 2226 Il,
580 2170 629 2233 cp.
660 2151 694 2212 l:
720 2148 830 2228 ,,μετα
848 2148 880 2214 δὲ
897 2148 965 2222 τοὺς
984 2148 1319 2231 ΠελατρονςἈρκοὲδες

192 2272 225 2336 ἐκ
256 2272 426 2338 Παλαντίον
454 2272 565 2346 πόλεως
589 2272 761 2348 ἐξελθόντες,
785 2272 930 2356 Εὔανδρον
951 2274 1009 2355 γαρ
1032 2273 1166 2352 ἡγεμόνα
1188 2275 1318 2349 τονηοοί-

192 2420 271 2476 μενον
296 2404 350 2472 τῆς
373 2397 519 2472 doctrice,
544 2398 653 2479 Ἑρμοῦ
675 2397 728 2463 καὶ
751 2397 874 2480 νύμφης
898 2398 1024 2478 Θέμιδος
1046 2398 1135 2464 νὶόν.”
1249 2408 1253 2415 ’

236 2524 353 2588 Strabo
392 2524 506 2588 scribit
540 2524 613 2588 Lib.
647 2522 685 2603 V,
718 2527 747 2603 3,
780 2526 818 2587 δε
850 2573 870 2602 ,,
879 2520 963 2598 Αὕτη
988 2524 1043 2602 μὲν
1066 2516 1113 2588 οὖν
1134 2523 1151 2596 ἡ
1175 2522 1319 2601 μάλιστα

190 2645 382 2726 πιστευομένη
414 2654 468 2721 τῆς
500 2646 615 2725 Ῥώμης
638 2646 732 2720 arlon
754 2647 840 2712 ἐστίν.
866 2645 969 2722 Ἄλλη
993 2647 1025 2714 δέ
1047 2672 1092 2720 τνς
1114 2647 1237 2730 τροτέρα
1262 2650 1317 2716 καὶ

190 2771 324 2850 μυθώδης
355 2771 531 2853 Ἀρκαδικὴν
557 2771 686 2851 λέγοντα
717 2771 851 2851 γενέσθαι
880 2775 934 2846 την
963 2773 1098 2838 ἀποικίαν
1130 2774 1181 2838 ὑπ’
1214 2774 1317 2840 Εὐαν-

190 2895 253 2977 δρον
267 2945 274 2962 .
287 2942 295 2958 .
309 2942 338 2959 ..
363 2893 520 2973 πυθόμενον
544 2896 575 2960 δὲ
597 2904 650 2970 τῆς
667 2898 776 2979 μητρὸς
797 2895 1000 2979 Νικοττροὶτης
1019 2899 1067 2962 τὸν
1079 2896 1243 2979 Εὔανδρον.
1259 2947 1267 2962 .
1283 2948 1290 2963 .
1306 2948 1314 2964 .

189 3017 242 3083 καὶ
275 3018 329 3092 την
363 3017 477 3100 μητέρα
510 3018 542 3085 δὲ
575 3024 627 3085 τοῦ
659 3018 804 3102 Εὔανδρον
833 3025 940 3099 τνμῶον
973 3023 1122 3104 Ῥωμαῖον,
1153 3022 1226 3101 μίαν
1256 3028 1317 3088 τῶν

190 3147 314 3223 νυμφῶν
337 3142 520 3223 νομίσαντες,
546 3143 718 3225 Καρμέντην
742 3145 1046 3224 μετονομασθεῖσαν.”

235 3270 350 3332 Livius
381 3269 406 3347 Ι,
441 3268 469 3346 7,
502 3272 531 3348 8,
565 3272 682 3334 tradit:
713 3272 899 3349 „Evander
929 3277 1001 3335 tum
1025 3291 1065 3336 ea
1087 3273 1246 3356 profugus
1271 3294 1314 3339 ex

189 3393 413 3476 Peloponneso
436 3395 632 3460 auctoritate
656 3397 761 3479 magis
784 3415 886 3478 quam
910 3396 1051 3478 imperio
1071 3397 1206 3478 regebat
1228 3397 1314 3477 loca,

190 3518 390 3580 venerabilis
413 3519 465 3581 vir
489 3519 652 3583 miraculo
679 3520 878 3599 litterarum,
902 3522 952 3584 rei
977 3541 1083 3586 novae
1106 3523 1196 3586 inter
1214 3524 1314 3589 rudes

189 3644 312 3706 artium
340 3643 502 3723 homines,
528 3644 750 3710 venerabilior
773 3646 951 3711 divinitate
974 3649 1099 3712 credita
1111 3647 1314 3715 Carmentae

190 3767 315 3845 matris,
338 3786 440 3849 quarn
471 3769 668 3851 fatiloquam
692 3776 770 3836 aute
794 3771 943 3852 Sibyllae
967 3772 1002 3834 in
1027 3769 1163 3834 Italiam
1188 3771 1312 3836 adven·

190 3898 260 3955 tum
282 3893 421 3955 miratae
442 3912 499 3957 eee
511 3901 626 3977 gentes
639 3895 799 3974 inerant',
814 3895 867 3977 (ea
880 3896 951 3960 loca
962 3921 969 3958 r
981 3897 1160 3975 Palatium,
1173 3897 1215 3962 ct.
1227 3898 1310 3961 ibid.

188 4016 239 4096 3.).
264 4017 381 4079 Festos
404 4024 645 4082 commemorat
667 4040 719 4103 pg.
742 4021 815 4097 266,
836 4021 858 4083 i.
881 4040 911 4084 v.
932 4020 1095 4084 Romam:
1113 4019 1312 4098 „Historiae

187 4138 360 4206 Cumanae
386 4144 584 4224 compositor
607 4143 842 4227 (Hyperocbus,
867 4145 943 4208 Ath.
968 4143 1045 4223 ΧΠ,
1071 4146 1112 4210 37
1120 4145 1145 4228 Ρ)
1170 4147 1261 4209 ait..
1276 4197 1308 4213 ..

188 4263 389 4344 Valentiam,
419 4268 506 4348 quod
538 4288 660 4332 nornen
692 4270 837 4333 adventu
870 4270 1017 4334 Evandri
1050 4271 1247 4354 Aeneaeque
1270 4274 1307 4335 in
