2956 5040
709 377 747 437 16

174 591 258 653 mihi
296 588 458 665 videntur,
494 588 533 652 dc
567 587 689 669 quibus
721 586 810 649 infra
838 586 995 650 disserere
1020 586 1103 648 mihi
1127 586 1299 669 proposui.

173 714 270 778 Nunc
295 713 479 796 colligenda
501 718 579 776 sunt
599 726 685 794 quae
707 712 750 775 ad
773 709 920 775 fabulam
948 711 1125 794 pertinent.

219 838 379 903 Hesiodus
401 839 435 899 in
461 838 526 899 fine
549 836 760 918 Theogoniae
784 835 933 898 Aeneam
959 836 1067 899 tilium
1092 835 1299 917 Aphrodites

174 962 401 1044 Anchisaeque
432 965 667 1025 commemorat
697 965 729 1022 ct
760 956 878 1022 deinde
903 960 1021 1042 pergit,
1048 960 1152 1022 illl:
1176 1004 1196 1035 „
1208 957 1297 1039 Κίρκη

174 1087 292 1151 δ’.
315 1084 426 1164 μείνατ’
458 1084 622 1156 Ὀδυσσῆος
654 1082 868 1164 ταλασίφρονος
892 1084 922 1148 ἐν
945 1084 1082 1157 Φιλότητι
1105 1079 1225 1164 ’Ἃχριον
1249 1082 1301 1158 η’δὲ

174 1218 388 1278 Λατῖνον....
426 1210 449 1274 οἱ
478 1210 504 1275 δ’
536 1207 597 1282 ῆτοι
628 1206 718 1286 μύλα
747 1215 820 1282 τῆλε
849 1210 942 1290 μυχῷ
965 1208 1056 1283 νῆσον
1080 1206 1176 1291 ίεριίιον
1202 1211 1301 1273 Πέισιν

175 1343 362 1419 Τυρσηνοῖσιν
380 1336 602 1415 ἀγακλειτοῖσιν
621 1332 768 1400 οίνασσον”
790 1355 874 1418 quae
893 1335 1033 1418 probare
1053 1335 1208 1399 videntur
1220 1353 1301 1399 eum

118 1477 120 1480 ·
174 1464 323 1528 noudum
346 1462 386 1525 dc
410 1462 542 1524 Aeneae
564 1461 684 1524 itinere
708 1459 884 1524 audivisse.

220 1587 377 1652 Arctinus
400 1588 437 1650 in
461 1585 546 1650 Ἰλίου
569 1585 684 1665 περσίδι
708 1592 838 1650 narrat:
861 1583 943 1664 „s’rri
964 1584 996 1650 δὲ
1018 1585 1058 1666 τῷ
1078 1583 1175 1661 τέρατι
1200 1584 1303 1669 (Lao-

174 1713 300 1778 coonti8
334 1713 413 1796 leto)
449 1710 684 1792 δυσφορήσαντες
715 1711 739 1775 οἱ
770 1709 833 1791 περὶ
863 1712 912 1776 τὸν
936 1709 1053 1775 Αἰνείου
1076 1707 1236 1785 ὑπεξῆλθον
1261 1711 1303 1784 είς

60 1869 62 1872 ’
174 1838 228 1911 τῆν
250 1834 340 1910 Ἴδην,
364 1835 417 1900 καί
440 1835 530 1900 Σίνιιν
553 1836 620 1909 τοὺς
644 1836 767 1917 πυρσούς
789 1835 906 1915 οίνίσχει
929 1843 992 1909 τοῖς
1014 1835 1188 1917 Ἀχαίοις”.

220 1965 358 2028 Lesches
382 1963 422 2027 cf.
447 1963 544 2026 Tzetz
568 1962 611 2025 ad
632 1963 777 2046 Lycoph.
803 1961 897 2027 Alex.
920 1964 1004 2026 1263
1024 1964 1062 2025 in
1082 1966 1172 2044 μικρρῖ
1191 1957 1304 2026 Ἴλιοίδι

178 2089 301 2151 dixisse
331 2087 453 2150 fertur:
480 2082 711 2166 ,,Ανδρομοίχην
733 2084 784 2150 καί
809 2085 925 2151 Αίνείαν
949 2086 1164 2166 αἰχμαλώτους
1186 2086 1305 2160 δοθῆναι

179 2214 220 2293 τῷ
243 2210 413 2291 Ἀχιλλέας
437 2211 485 2290 υἱῷ
508 2210 709 2299 Νεοπτολέμῳ
731 2211 780 2275 καὶ
802 2212 971 2291 οίποχθῆναι
990 2211 1041 2276 σὺν
1060 2212 1141 2292 αύτῷ
1160 2211 1200 2284 είς
1221 2221 1305 2294 Φαρ-

177 2335 295 2409 σαλίαν,
318 2334 374 2408 τῆν
391 2333 557 2414 Ἀχιλλέως
580 2334 743 2415 πατρίδα”.
768 2335 861 2416 Quae
884 2337 986 2401 verba
1009 2324 1122 2401 tamen
1143 2336 1252 2400 Schol.
1268 2337 1305 2400 iu

178 2464 257 2527 Eur,
283 2463 440 2526 Androm.
468 2463 508 2522 14
532 2462 693 2525 Simmiae
715 2463 879 2525 attribuit.

224 2585 399 2653 Acusilaus
419 2606 481 2652 sec.
503 2587 610 2651 Schol.
631 2587 730 2652 Hom.
745 2585 784 2650 Il.
798 2585 869 2665 XX,
884 2585 944 2649 30?
957 2587 1148 2669 scripserat:
1166 2585 1306 2666 ,,Ἀφρο-

178 2710 242 2792 δίτη
273 2714 411 2792 χρησμοῦ
437 2708 613 2787 ἐμπεσόντος
635 2707 678 2772 ύτι
700 2715 754 2783 τῆς
777 2713 833 2773 τῶν
856 2709 1022 2791 Πριαμιδῶν
1043 2710 1141 2790 ἀρχῆς
1164 2722 1306 2774 καταλυ-

178 2835 270 2909 θείσης
300 2835 324 2899 οἱ
352 2835 407 2898 ἀπ’
435 2833 585 2911 Ἀγχίσου
609 2832 713 2913 Τρώιον
736 2831 961 2910 βασιλεύσουσιν
985 2833 1121 2914 Ἀχχίση
1145 2831 1199 2908 ῆδη
1224 2855 1306 2914 παρ·

181 2959 329 3039 ηκμακύτι
352 2959 489 3033 συνῆλθεν
512 2959 607 3024 etc.''.

225 3087 419 3150 Hellanicus
442 3085 482 3149 cf.
508 3082 607 3149 Dion.
632 3085 658 3163 1,
683 3087 723 3149 lt
748 3087 769 3148 i.
795 3087 815 3148 t.
840 3087 1019 3151 tradiderat
1040 3088 1183 3153 Aeneam
1203 3086 1307 3171 Troja

179 3219 275 3295 capta
298 3212 339 3274 ad
365 3211 456 3273 ldarn
481 3211 663 3293 profugisse
685 3217 718 3274 ct
740 3217 812 3294 post
837 3213 946 3276 varios
970 3231 1065 3277 casus
1085 3233 1160 3276 cum
1186 3212 1307 3277 liberis

179 3338 256 3417 suis,
280 3344 409 3420 praeter
433 3335 625 3412 Ascanium,
650 3336 691 3398 ad
715 3335 875 3400 Pallenen
899 3337 1080 3419 protectum
1105 3356 1184 3401 esse.

227 3463 400 3546 Sophocles
423 3461 462 3526 cf.
489 3458 586 3525 Dion.
609 3460 634 3537 l,
656 3462 697 3523 48
717 3461 752 3523 in
773 3461 958 3527 Laocoonte
977 3467 1186 3526 cantaverat:
1206 3509 1227 3540 ‚‚
1237 3465 1306 3526 Νῦν

180 3588 206 3653 δ’
243 3589 272 3652 ἐν
307 3585 445 3651 πύλαισιν
479 3584 595 3657 Αἰνείας
625 3583 638 3649 ὁ
668 3591 722 3658 τῆς
753 3586 814 3650 θεοῦ
846 3583 984 3668 Ποίρεστ’,
1016 3587 1063 3651 ἐπ’
1087 3586 1172 3665 ὤμων
1197 3585 1303 3668 πατέρ’

178 3711 256 3791 ἔχων
288 3710 432 3792 κεραυνίου
462 3709 566 3774 Νιθτου
597 3709 828 3791 καταστοίζοντα
851 3711 986 3788 βύσσινον
1009 3711 1111 3794 Φιίρος.
1136 3720 1251 3777 Κυκλεῖ
1270 3713 1305 3778 δὲ

180 3841 283 3900 πίσσαν
313 3836 425 3899 οἰκετῶν
455 3834 665 3912 παμπληθίαν·
695 3835 915 3918 Συμπλούζεται
930 3901 932 3904 ⁴
949 3837 981 3902 δὲ
1010 3839 1118 3912 πλῆθος
1145 3839 1214 3917 οὐχ’
1240 3836 1307 3904 ύσον

180 3963 283 4035 δοκεῖς,
309 3956 348 4025 Oi
369 3960 453 4033 τῆσδ’
478 3961 558 4041 ἐρῶσι
580 3967 635 4033 τῆς
657 3961 794 4035 οίποικίας
816 3961 955 4045 Φρυχῶν”
974 3970 1016 4042 et,
1036 3965 1075 4029 cf.
1089 3965 1207 4029 Strabo
1220 3963 1306 4029 XIII

181 4110 233 4173 pg.
271 4089 345 4165 608,
379 4089 414 4150 in
450 4087 513 4150 Ilio
543 4095 656 4169 capto:
690 4088 768 4166 ,,τὸν
792 4087 823 4152 δὲ
848 4087 963 4152 Αίνείαν
986 4088 1053 4166 μετ’
1078 4088 1228 4169 Ἀχχίσου
1251 4095 1310 4155 τοῦ

181 4214 291 4294 πατρὸς
314 4218 365 4277 καί
389 4215 440 4276 τοῦ
464 4211 567 4284 παιδθς
590 4211 746 4276 Ἀσκανίου
769 4214 841 4278 λαὸν
864 4213 1036 4296 ιἰθροίσαντα
1060 4213 1218 4277 πλεῦσαι.”

227 4341 412 4422 Xenophon
437 4337 471 4399 in
497 4337 583 4400 libro
606 4337 646 4402 de
669 4339 855 4404 Venatione
877 4339 1007 4422 scripsit
1027 4336 1054 4416 I,
1079 4339 1135 4400 15:
1158 4388 1177 4418 ,‚
1187 4337 1306 4412 Αἰνείας
