2956 5040
711 392 750 450 te

175 601 297 662 amitae
329 600 412 663 dixit
449 600 499 680 (cf.
523 600 611 664 Suet.
635 599 702 662 Iul.
727 601 759 679 6)
788 598 947 675 „Amitae
973 616 1064 662 meae
1084 595 1191 659 Iuliae
1219 615 1287 658 me·

176 730 304 787 ternum
335 743 439 806 genus
468 726 511 788 ab
540 726 670 807 regibus
694 730 814 803 ortum,
838 729 1012 806 paternum
1037 742 1110 785 oum
1136 722 1199 784 diis
1224 722 1288 784 im·

174 850 369 913 mortalibus
392 853 602 932 oonjunotum
627 858 694 914 est.
711 898 763 913 ...
786 870 806 911 e
830 846 955 912 Venere
975 847 1156 931 Jutiioujus
1171 849 1282 930 gentis

175 976 304 1039 familia
337 984 385 1040 est
418 977 558 1056 nostra'',
592 979 648 1059 qui
683 979 785 1041 etiam
820 977 871 1057 (of.
904 976 993 1040 Serv.
1025 976 1103 1039 Aen.
1136 974 1162 1051 I,
1197 975 1281 1038 276:

174 1102 307 1177 „osoiso
331 1102 492 1166 Mezentio
516 1102 708 1180 Ascanium,
730 1102 814 1165 siout
837 1101 866 1164 J.
889 1098 1008 1164 Caesar
1026 1100 1281 1175 scribit-iulum

175 1236 324 1309 ooeptum
359 1227 501 1308 voeari'')
536 1229 631 1310 hujus
666 1229 810 1291 nominis
844 1228 1036 1290 mutationis
1067 1231 1181 1289 auctor
1213 1244 1284 1289 esse

177 1352 316 1415 videtur.
358 1351 443 1416 Cum
487 1351 633 1416 Caesaris
674 1354 780 1436 gloria
818 1353 948 1416 Aeneae
984 1354 1133 1434 majestas
1167 1350 1284 1415 erevit.

176 1475 388 1558 Quamquam
424 1475 571 1541 Caelium
603 1479 643 1542 de
679 1480 739 1541 bae
768 1478 893 1561 origine
925 1477 1092 1540 subridere
1117 1476 1286 1554 videmus;

177 1602 216 1665 of.
252 1600 319 1665 Cio.
354 1603 415 1686 Ep.
450 1605 492 1667 ad
533 1604 626 1666 Fam.
663 1600 753 1680 VIII,
792 1602 842 1666 15.
877 1606 913 1664 4:
959 1602 1106 1678 „vellem
1149 1600 1285 1682 quidem

177 1729 306 1791 Venere
340 1735 518 1812 prognatus
548 1736 678 1793 tautum
710 1727 814 1792 animi
847 1729 1010 1792 habuisset
1032 1729 1066 1790 in
1092 1733 1196 1791 vestro
1220 1723 1286 1790 Do·

178 1855 273 1918 mitio
307 1861 467 1936 quantum
496 1856 643 1928 ,Pseoade
675 1861 773 1918 natus
804 1856 839 1917 in
862 1855 922 1918 lroo
947 1853 1093 1932 babuit'',
1117 1857 1149 1916 et
1171 1853 1285 1916 Sueto·

176 1981 260 2057 nius,
284 1980 349 2043 Jut.
374 1983 426 2058 49,
451 1979 617 2046 Ciceronis
636 1982 826 2064 opinionem
850 1983 909 2044 beo
928 1982 966 2044 de
986 2001 1021 2045 re
1032 1981 1142 2056 tradit,
1153 1979 1286 2060 soripsit

175 2111 286 2210 tamen
311 2102 412 2169 Varro
436 2105 487 2187 (oi.
512 2107 601 2170 Serv.
623 2108 663 2170 ad
688 2107 770 2170 Aen.
796 2106 820 2170 I.
844 2107 935 2187 38dt:
959 2107 1038 2181 „Ex
1058 2105 1171 2187 quode
1184 2104 1287 2187 Troja

176 2250 321 2313 egressos
345 2238 391 2294 est
416 2231 552 2309 Aeneas,
580 2232 717 2296 Veneris
740 2252 816 2295 eum
840 2251 897 2315 per
915 2232 1001 2295 diem
1022 2227 1285 2294 ootidie'stellam

178 2352 304 2428 vidisse,
339 2355 441 2419 donee
475 2356 515 2418 ad
546 2376 660 2438 agrum
685 2357 889 2419 Laurentum
913 2357 1040 2419 veniret
1062 2356 1097 2416 in
1120 2372 1185 2436 quo
1208 2372 1287 2416 eam

175 2500 241 2545 non
278 2481 376 2544 vidit
396 2481 542 2560 ulterius,
577 2501 642 2565 qua
666 2501 700 2545 re
724 2490 756 2546 et
779 2488 880 2546 terres
902 2482 1057 2564 cognovit
1080 2478 1226 2558 fatales'’,
1251 2485 1287 2543 et

177 2604 228 2686 (oi.
253 2605 389 2688 August.
411 2602 486 2668 ΟΒ.
499 2603 619 2683 XVIII,
634 2608 686 2689 19)
700 2607 791 2682 „Sed
804 2605 960 2684 Aeneam,
975 2603 1140 2687 quoniam,
1153 2603 1287 2685 quando

176 2736 325 2794 mortuus
345 2737 393 2794 est
411 2751 477 2795 nou
490 2732 675 2813 comparuit
689 2729 794 2795 Deum
808 2733 871 2796 sibi
885 2732 1030 2796 feserunt
1042 2729 1183 2805 Latiui'',
1196 2748 1286 2812 quae

176 2857 276 2919 verba
298 2856 431 2920 fabulae
453 2863 550 2919 antea
574 2858 749 2941 inoognita'
764 2865 959 2922 ornamenta
981 2857 1134 2939 produnt.

218 2980 330 3062 Quum
347 2988 456 3045 tamen
469 2982 582 3048 Cicero
595 2984 673 3066 ipse,
687 2985 816 3047 etiamsi
828 2985 958 3067 rogavit
971 2983 1011 3046 N.
1024 2985 1063 3046 D.
1077 2981 1103 3060 I,
1114 2984 1154 3045 38
1166 3007 1172 3044 ε
1186 2981 1286 3063 „Quo

174 3107 253 3188 quid
266 3107 439 3170 absurdius
451 3126 552 3188 quam
567 3114 625 3171 aut
638 3127 687 3171 res
699 3109 841 3171 sordidas
853 3114 951 3190 atque
959 3107 1126 3182 deformes,
1138 3108 1286 3170 Deorum

176 3233 297 3295 bonore
330 3232 454 3296 afficere
490 3242 549 3295 aut
572 3234 732 3311 homines,
753 3233 822 3317 jam
849 3239 950 3297 morte
973 3233 1103 3308 deletos,
1128 3251 1288 3314 reponere

174 3357 208 3418 in
245 3358 336 3434 Deos,
372 3377 511 3439 quorum
547 3359 656 3422 omnis
690 3359 798 3421 cultus
821 3365 903 3422 esset
925 3359 1055 3421 futurus
1077 3358 1111 3418 in
1136 3355 1287 3436 luotu?'',

175 3488 298 3558 tamen,
322 3483 378 3546 ubi
405 3489 540 3547 mortem
565 3483 694 3545 Tulliae
718 3503 795 3547 suae
816 3484 914 3566 luget,
928 3482 1048 3545 scribat
1067 3479 1284 3560 adAttiouur,

174 3607 233 3690 Ep.
247 3607 322 3684 XII,
336 3609 395 3670 36:
416 3656 435 3683 ,‚
445 3609 573 3670 Fanum
595 3609 664 3672 fieri
684 3609 777 3686 volo;
791 3627 897 3691 neque
911 3609 970 3672 hoo
986 3608 1067 3669 mihi
1080 3609 1150 3671 erui
1163 3613 1282 3690 potest.

175 3732 323 3814 Sepulori
354 3733 605 3796 similitudinem
639 3735 780 3816 effugere
803 3754 867 3797 non
893 3739 960 3795 tam
985 3739 1115 3815 propter
1140 3751 1284 3813 poenam

173 3858 296 3935 studeo,
320 3878 419 3941 quarn
442 3866 478 3921 ut
500 3859 641 3922 maxime
662 3878 815 3941 assequar
826 3856 1010 3935 dnote'orffl,
1024 3878 1125 3940 quum
1138 3858 1283 3940 denique

173 3984 320 4066 legamus
350 3985 437 4067 apud
463 3983 610 4061 Dionem,
635 3983 755 4062 XLIII,
784 3987 822 4047 ld
845 3993 878 4048 et
898 3985 1016 4062 XLIV,
1037 3986 1065 4062 6,
1087 3983 1126 4048 de
1151 3986 1283 4049 honori·

173 4110 234 4174 bus
269 4112 391 4173 divinis
410 4131 488 4192 quos
509 4109 651 4193 populus
670 4110 839 4175 Romanus
869 4111 958 4174 Julio
982 4109 1112 4174 Caesari
1135 4112 1281 4176 tribuere

174 4237 290 4313 voluit,
327 4237 386 4314 his,
422 4237 570 4318 inquam,
604 4237 800 4298 testimoniis
830 4235 1041 4300 consideratis
1073 4236 1221 4299 Aeneam
1246 4239 1281 4300 in

174 4359 308 4425 deorum
334 4380 510 4424 numerum
536 4361 675 4424 relatum
701 4380 766 4423 non
790 4361 932 4443 amplius
957 4361 1127 4424 miramur.
