2956 5040
703 364 752 428 '48

218 584 416 668 Exemplum
452 583 557 646 edam.
594 579 723 643 Aeneas
754 578 891 660 Jupiter,
928 574 1030 640 Divus
1051 578 1163 655 Pater,
1187 578 1281 642 Peter
1352 656 1354 663 Α

176 711 262 773 Deus
296 707 426 793 Indiges
457 709 563 772 dictas
598 711 655 782 661,
688 705 725 768 ci.
757 704 899 767 Klausen
924 723 974 786 pg.
1001 704 1073 781 901,
1100 703 1177 783 995,
1203 704 1281 782 996,

174 834 358 916 Schwegler
389 834 415 909 Ι,
447 853 498 916 pg.
532 832 606 907 396,
643 831 725 907 328,
760 829 884 893 Ρ661166
905 828 930 905 Ι,
954 829 1006 904 96,
1030 828 1073 906 ΙΙ,
1099 828 1184 907 3213
1207 829 1281 892 Hild

175 980 226 1044 pg.
253 960 325 1038 146,
348 979 449 1041 quam
474 957 515 1021 ob
539 975 670 1021 causam
695 974 770 1018 eum
790 954 920 1016 Lavinii
941 954 1281 1018 66116116666666661.

218 1082 299 1165 Quis
333 1089 444 1147 autem
478 1083 603 1164 primus
629 1081 759 1163 Indiges
786 1099 861 1143 eum
888 1079 996 1143 Aenea
1017 1077 1213 1162 conjunxit?
1236 1079 1286 1142 Ti-

177 1185 288 1274 bullus
321 1209 412 1292 Eleg.
443 1207 483 1284 11,
518 1209 547 1284 5,
580 1209 632 1270 44.
670 1206 795 1270 Deinde
831 1207 907 1268 haec
939 1207 1078 1269 nominc
1107 1207 1287 1288 conjuncte

174 1335 366 1399 invenimus
400 1333 486 1416 apud
519 1332 617 1415 Verg.
650 1331 734 1394 Aen.
766 1330 841 1408 XII,
876 1331 953 1409 799,
978 1327 1073 1392 Ovid.
1097 1329 1178 1409 Met,
1204 1327 1290 1406 XIV,

180 1463 262 1540 698,
295 1459 391 1524 Dion.
417 1459 441 1538 I,
467 1459 525 1536 64,
551 1458 622 1520 Liv.
646 1457 672 1536 Ι,
697 1459 726 1534 9,
753 1456 789 1534 6,
813 1456 886 1520 Gcl.
911 1456 953 1533 Π,
978 1457 1029 1534 16,
1053 1457 1088 1534 9,
1112 1456 1243 1521 Arnob.
1265 1457 1291 1534 I,

179 1589 237 1666 36,
272 1585 361 1651 Serv.
391 1585 474 1649 Aen.
498 1585 523 1662 Ι,
550 1585 623 1659 959,
648 1583 703 1662 IV,
729 1580 906 1660 6661111,
932 1584 1011 1661 791,
1035 1583 1142 1646 Schcl.
1165 1583 1292 1647 Veron.

178 1711 262 1776 Aen.
286 1711 314 1790 Ι,
340 1711 413 1789 960,
438 1728 469 1791 p.
495 1709 546 1785 83,
570 1709 608 1770 31
636 1708 721 1786 Keil,
735 1708 785 1787 (cl.
799 1708 834 1770 in
847 1708 932 1771 notis
945 1707 1130 1791 Schwcgler
1140 1727 1195 1790 pg.
1210 1709 1292 1786 986,

178 1836 321 1900 Klausen
347 1855 378 1918 p.
403 1835 496 1916 901);
522 1834 554 1896 hi
581 1852 694 1898 omnes
717 1833 858 1916 profecto
884 1837 979 1896 testes
998 1837 1074 1895 sunt
1091 1833 1294 1897 recentiores

180 1981 278 2046 qaam
305 1967 341 2024 61
363 1963 485 2044 priscas
508 1960 627 2023 Iteliae
649 1979 699 2023 res
720 1978 740 2021 a
759 1959 925 2023 Juliorum
938 1957 1103 2042 figmentis
1114 1978 1217 2040 puras
1231 1979 1292 2022 nos

180 2088 306 2151 tradere
336 2087 526 2168 potuissent.
557 2085 624 2149 Hos
656 2086 758 2168 igitur
782 2087 902 2168 majore
922 2086 998 2167 jure
1019 2090 1166 2148 auctores
1192 2084 1293 2168 hujus

180 2214 311 2277 fabulae
334 2212 600 2295 amplificationis
627 2211 790 2276 habendos
814 2230 938 2275 censeo.
962 2212 1070 2275 Satius
1093 2209 1181 2275 enim
1207 2212 1292 2275 milri

181 2339 313 2402 videtur
346 2340 541 2402 contendere
575 2339 635 2402 hoc
672 2357 792 2401 nomen
827 2337 959 2402 Aeneae
992 2339 1187 2401 attributum
1224 2358 1293 2402 esse

182 2465 295 2528 codem
328 2463 393 2527 lere
427 2470 583 2545 tempore,
617 2482 682 2547 quo
714 2462 853 2526 Senatus
882 2463 917 2525 P.
942 2462 982 2525 R.
1010 2463 1079 2545 ejus
1100 2463 1297 2545 progeniem

181 2589 204 2651 i.
227 2607 254 2651 6.
290 2587 472 2666 Caesarem,
506 2589 616 2653 decem
649 2608 811 2651 annorum
844 2588 1036 2652 dictatorem
1068 2589 1161 2666 dixit,
1187 2589 1294 2652 trium

181 2734 344 2778 annorum
370 2734 536 2779 censorem
560 2719 685 2779 creavit
708 2719 841 2799 ejusque
864 2720 1008 2779 statuam
1031 2716 1066 2778 in
1088 2722 1194 2780 166666
1214 2717 1297 2782 orbe

183 2845 336 2918 stantem,
360 2840 574 2922 inscriptione
596 2838 797 2917 „Semideo”
820 2844 969 2903 ornatam
993 2841 1117 2922 erigere
1137 2840 1297 2919 decrevit,

184 2984 282 3048 66666
322 2968 368 3042 61,
404 2984 504 3047 quum
540 2965 690 3028 Tibullus
722 2965 848 3047 primus
879 2965 1023 3030 Aeneam
1056 2966 1297 3050 „Indigetem”

185 3091 360 3168 vocaverit,
386 3111 462 3154 cum
488 3088 527 3154 ob
550 3089 644 3174 hujus
665 3091 808 3154 nominis
820 3092 1081 3156 additamentum
1094 3093 1296 3159 Latinorum

186 3218 238 3280 vel
268 3218 479 3301 antiquorum
511 3217 736 3282 Romanorum
770 3218 933 3302 quendam
967 3220 1064 3283 deum
1089 3219 1197 3297 luisse,
1220 3240 1299 3286 con·

187 3344 369 3407 tendamus.

231 3467 339 3532 Variis
372 3470 569 3552 argumentis
602 3470 636 3532 in
674 3489 775 3533 unum
812 3471 950 3535 redactis
983 3471 1126 3535 Aeneiae
1159 3471 1299 3538 fabulae

186 3591 320 3658 historia
353 3596 412 3658 hoc
447 3595 541 3658 modo
565 3596 729 3658 narranda
754 3597 836 3659 milri
859 3597 997 3661 videtur.
1021 3596 1210 3661 Nonnullae
1236 3596 1300 3663 Ro·

189 3739 361 3783 manorum
385 3727 497 3802 gentes
520 3720 743 3784 nobilissimae
765 3722 827 3785 sibi
851 3723 1010 3804 originem
1035 3721 1212 3804 Trcjsnam
1222 3725 1298 3807 jam

189 3849 265 3907 ante
300 3845 386 3909 bella
419 3847 544 3910 Punica
576 3848 833 3925 vindicaverunt,
869 3867 951 3932 quse
975 3849 1154 3913 vindicatio
1179 3849 1299 3915 funda·

191 3976 339 4034 mentum
374 3977 443 4034 erat
475 3973 511 4034 in
547 3973 643 4056 quod,
679 3978 716 4036 ut
748 3970 780 4035 in
817 3975 953 4055 stirpem
987 3975 1146 4053 surculus,
1182 3982 1302 4057 postea

191 4095 316 4160 Aeneia
349 4096 461 4159 fabula
495 4098 616 4160 inserts
650 4104 706 4175 661,
744 4098 806 4176 vel,
839 4104 874 4160 ut
907 4097 1086 4162 certissima
1108 4101 1303 4180 referamus,

192 4220 374 4286 Sicilienses
406 4221 578 4304 scriptores
613 4221 882 4286 necessitudinem
916 4224 1081 4305 quandam
1111 4225 1199 4288 inter
1223 4226 1305 4291 Tro·

188 4349 283 4430 janos
313 4348 545 4430 Romanosque
578 4349 753 4411 tinxerunt.
785 4347 823 4410 In
856 4353 942 4412 terra
972 4350 1144 4432 peregrina
1166 4371 1302 4436 quoque
