2956 5040
787 390 848 453 112

257 598 369 674 ταύτης
400 606 454 674 τῆς
484 598 595 673 στήλης
619 600 659 679 τῷ
681 595 888 679 ἐπιγράμματι
910 597 1110 675 ὁμολογοῦνται
1133 600 1266 675 tercium
1292 598 1369 678 'Aps-

260 732 341 799 κιεῑς,
376 727 413 798 ὦς
447 726 587 790 salustra
623 724 794 789 Ἱππόλυτον
826 724 858 788 εἰι
888 727 943 786 τῶν
973 721 1090 796 Θησέως
1114 723 1188 802 aipein
1210 719 1366 795 ἀνέστησεν

260 852 452 926 Ἀσκληπιός·
486 851 499 915 ὂ
533 848 564 914 δὲ
597 851 634 923 ὥς
651 846 653 851 ’
669 842 749 921 aridis
782 848 860 926 ε’βίιο,
896 851 947 914 οὐκ
976 845 1054 924 ἠξίου
1084 847 1177 927 ιε’μειι
1206 849 1246 928 τῷ
1278 845 1368 928 scarpi

259 977 448 1056 συγγνώμην,
471 974 555 1040 ἄλλοι
577 975 711 1056 ὑπεριδὼν
737 973 793 1048 τοὶς
816 973 925 1050 δεήσεις
949 974 977 1046 ἐς
1000 974 1131 1039 Ἰτοιλίοιο
1153 971 1272 1055 ἔρχεται
1291 972 1371 1054 rapit

258 1100 324 1174 τοὺς
355 1102 487 1182 Ἀρικιεῖς
517 1098 568 1165 κιο)
600 1099 773 1173 ἕβοιοίοιεοοὲ
795 1124 828 1164 τε
850 1099 947 1166 abvit
971 1097 1021 1165 κοιὶ
1046 1100 1135 1175 ἀνῆκε
1157 1108 1194 1182 τῇ
1219 1097 1370 1181 Ἀρτέμιδι

259 1225 387 1305 τέμενος,
418 1224 485 1292 tote
515 1222 586 1307 ἄχρι
619 1225 691 1303 ἐμοῦ
723 1225 912 1305 μοιοιιοιχίοις
945 1218 1030 1291 alitor
1061 1219 1094 1300 ἦν
1116 1225 1241 1307 inpactos
1264 1233 1300 1305 τῇ
1324 1225 1372 1304 θεῷ

260 1354 307 1419 τοι
341 1357 472 1418 ιικῶιιοι·
507 1352 520 1416 ὂ
550 1351 581 1415 δὲ
611 1351 692 1429 dodo
722 1349 869 1432 ἐλευθέρων
891 1351 946 1429 μὲι
966 1349 1106 1432 προέκειτο
1129 1349 1226 1422 οὐδενί,
1251 1347 1373 1422 οἷιιέτοιις

261 1479 291 1543 δὲ
313 1479 455 1560 οὶιιοδρέιοι
477 1476 543 1549 τοὺς
567 1477 742 1557 δεοοιόιοις”,
766 1497 944 1562 rursusque
968 1476 1012 1558 II,
1035 1480 1087 1557 32,
1103 1479 1130 1556 l,
1144 1479 1184 1542 dc
1196 1477 1371 1560 Hippolyti

261 1606 353 1670 cultu
382 1605 547 1669 Troezene
579 1623 598 1668 a
631 1605 788 1669 Diomede
819 1606 981 1683 instituto,
1005 1605 1043 1668 de
1073 1605 1210 1669 cirrosi
1234 1623 1254 1666 e
1278 1603 1375 1686 virgi·

260 1733 359 1796 nibus
389 1736 466 1795 ente
489 1732 622 1814 nuptias
645 1737 830 1795 consecrato
854 1731 958 1814 deque
984 1732 1105 1798 bonore
1128 1730 1240 1793 divino
1264 1729 1294 1792 ei
1318 1729 1373 1792 tri·

263 1858 353 1937 buto,
377 1878 475 1942 quem
502 1859 650 1941 aurigam
673 1857 843 1922 coelestem
865 1876 933 1921 esse
946 1857 1071 1921 dicunt.
1086 1856 1219 1920 Servius
1231 1855 1373 1936 denique

263 1988 402 2048 annotet
436 1985 477 2049 ed
510 1984 591 2048 Aen.
622 1980 695 2061 VII,
729 1982 807 2046 tol:
840 1982 996 2058 „Revera
1027 1987 1137 2046 autem
1162 1977 1297 2044 Virbius
1329 1984 1376 2042 est
1444 2000 1446 2005 ·

260 2127 385 2172 numen
408 2111 618 2192 conjunctum
640 2108 774 2183 Dianae,
798 2112 836 2170 nt
856 2104 953 2170 Matri
974 2104 1079 2170 Deum
1101 2105 1193 2187 Atys,
1208 2105 1376 2204 Minervae

261 2233 506 2311 Erichthonius,
531 2233 653 2297 Veneri
677 2231 832 2297 Adonis.'’

308 2359 382 2422 Jem
416 2356 542 2421 traditis
572 2358 715 2422 collectis
746 2358 825 2421 haec
848 2357 1072 2422 concludenda
1097 2355 1179 2418 mihi
1203 2355 1370 2445 videntur.

264 2485 312 2548 De
335 2480 442 2546 Virbii
466 2483 601 2546 nomine
626 2488 702 2547 ente
725 2480 909 2565 Vergilium
932 2482 1065 2545 nullum
1089 2481 1265 2563 vestigium
1287 2480 1377 2543 inda·

262 2629 339 2693 gere
360 2628 540 2691 possumus.
564 2609 640 2673 Post
663 2627 737 2672 eum
762 2607 902 2674 Ovidius
925 2615 956 2674 et
980 2609 1134 2692 Hyginus
1157 2625 1279 2672 nomen
1303 2626 1371 2670 non

263 2735 389 2799 cultum
427 2740 697 2811 commemorant,
732 2753 774 2798 ne
810 2734 926 2799 Strabo
955 2734 1100 2817 quidem,
1132 2735 1190 2816 qui
1222 2732 1375 2796 LibroV

263 2879 315 2943 pg.
339 2860 413 2937 239,
437 2861 477 2923 de
501 2859 574 2923 luco
598 2859 724 2924 Dianae
748 2859 915 2923 Ariciniee
933 2857 1037 2923 fusius
1057 2859 1135 2941 egit,
1157 2858 1266 2921 Virbii
1288 2876 1377 2921 men·

264 2986 386 3050 tionem
418 2986 504 3050 fecit.
536 2986 709 3050 Praeterea
743 2981 847 3050 Virbii
872 2986 983 3050 fabula
1007 2985 1090 3047 mihi
1115 2984 1245 3048 videtur
1269 3002 1378 3047 recen·

265 3112 356 3176 tioris
390 3111 526 3194 originis
559 3130 636 3175 suec
670 3113 808 3195 vestigia
842 3110 986 3194 prodere.
1017 3109 1209 3192 Hippolyto,
1241 3109 1282 3173 de
1313 3127 1377 3192 quo

264 3236 404 3319 legimus
438 3236 525 3319 apud
559 3235 739 3320 Euripiden
771 3256 817 3300 vs.
849 3238 906 3300 lt:
932 3235 1109 3314 „attolieret
1132 3237 1163 3303 bi
1185 3236 1295 3319 λέκτοοι
1317 3238 1376 3303 κὀὐ

265 3357 354 3439 ψοιύει
386 3357 523 3440 repam,
558 3360 593 3425 in
631 3363 734 3426 vitam
769 3367 932 3442 revocato,
966 3365 1000 3427 in
1033 3364 1108 3429 luco
1131 3365 1258 3429 Diones
1282 3369 1378 3448 poeto

266 3506 400 3552 uxorem
424 3488 543 3552 tribuit
565 3486 721 3567 Ariciam,
746 3509 874 3572 semper
893 3489 994 3569 urbis,
1017 3510 1179 3575 nusquam
1198 3489 1374 3576 Nymphae

264 3631 398 3690 nomen,
433 3632 451 3677 e
483 3614 603 3696 quibus
638 3633 712 3680 mox
743 3620 841 3679 natus
873 3620 921 3680 est
944 3615 1080 3681 Virbius
1103 3622 1223 3681 noster.
1248 3616 1376 3682 Deinde

267 3738 418 3803 Virbium
454 3739 606 3805 describit
641 3761 687 3804 vs.
722 3741 802 3805 781:
834 3742 969 3819 „Filius
990 3743 1139 3807 ardentes
1161 3742 1250 3805 haud
1274 3744 1376 3807 secius

267 3881 410 3946 aequore
432 3864 540 3949 campi
562 3865 744 3929 Exercebat
766 3885 874 3949 equos,
900 3885 1063 3950 curruque
1081 3866 1118 3929 in
1130 3865 1218 3931 bella
1229 3864 1376 3943 ruebat’,

267 4009 352 4072 quae
380 3992 481 4055 verbe
503 4011 578 4056 cunr
601 3993 871 4075 praecedentibus
893 3998 1101 4076 comparata:
1125 3992 1251 4071 „Unde
1275 3994 1375 4058 etiem

268 4115 390 4199 templo
413 4115 547 4180 Triviae
570 4117 720 4201 lucisque
742 4118 877 4182 secretis
898 4115 1098 4201 cornipedes
1117 4121 1271 4181 arcentur
1291 4116 1378 4200 equi,

267 4242 356 4325 quod
386 4241 497 4308 littore
524 4263 658 4308 currum
681 4245 725 4307 Et
743 4246 899 4328 juvenem
928 4244 1082 4309 monstris
1103 4243 1214 4326 pavidi
1239 4243 1378 4308 effudere

270 4366 436 4448 marinis'’,
466 4369 608 4452 profecto
638 4389 706 4434 non
738 4369 822 4434 bene
843 4375 971 4435 sonent.
997 4370 1104 4439 Filius
1126 4368 1186 4433 ille
1209 4368 1379 4455 equitandi
