2956 5040
806 395 846 455 38

269 603 352 665 Mihi
376 603 520 667 maxime
543 603 713 685 probabile
740 604 871 669 videtur
891 604 951 668 hoc
969 605 1164 688 figmentum
1184 610 1300 668 natum
1314 623 1386 668 esse

267 729 355 792 inter
377 727 515 808 Siculos,
538 729 719 812 quiquam
742 729 908 795 Romanos
929 728 1065 794 urbibus
1085 729 1384 794 inferIorisItaliae

270 854 369 939 potiri
403 855 561 933 viderent,
596 874 649 920 eos
683 875 786 920 novos
817 855 1014 920 Graecorum
1049 857 1163 934 hostes,
1187 857 1210 918 i.
1234 876 1262 919 e.
1287 856 1385 937 quasi

271 980 503 1045 reviviscentes
533 979 691 1064 Trojanos
725 981 898 1046 habebant.
929 976 1016 1061 Quia
1041 984 1119 1045 haec
1144 988 1253 1045 tamen
1278 967 1386 1044 variis

278 1106 384 1169 modis
403 1105 473 1169 fieri
486 1111 664 1188 potuerunt
676 1112 709 1171 et
721 1106 816 1171 nobis
830 1108 891 1170 hac
902 1107 941 1171 de
955 1108 1176 1172 vindicatione
1187 1107 1281 1170 nulla
1294 1108 1385 1171 testi·

274 1232 386 1294 monia
408 1232 528 1296 tradita
547 1236 623 1295 sunt
643 1232 708 1295 nisi
721 1231 744 1311 ¹)
767 1252 787 1295 a
807 1233 1028 1315 scriptoribus,
1048 1234 1106 1316 qui
1127 1233 1249 1297 Aeneia
1267 1233 1385 1297 fabula

265 1358 336 1439 jam
367 1356 499 1421 exculta
529 1357 694 1435 vixerunt,
725 1376 784 1421 nos
816 1356 893 1422 haec
924 1359 1047 1423 nescire
1074 1358 1294 1423 confitendum
1320 1365 1385 1422 est.

314 1481 510 1564 Schwegler,
534 1502 586 1565 pg.
611 1482 684 1560 305,
708 1480 795 1547 locos
817 1483 897 1546 citet
921 1489 957 1546 ut
979 1483 1137 1565 originem
1160 1481 1255 1566 hujus
1274 1483 1383 1545 vindi-

269 1607 405 1671 cationis
436 1609 505 1690 jam
540 1609 647 1690 primo
684 1606 770 1672 bello
803 1609 926 1673 Punico
957 1609 991 1670 in
1024 1627 1085 1671 usu
1118 1609 1215 1672 fuisse
1245 1608 1383 1672 demon-

231 1814 234 1820 <
268 1737 356 1796 stret.
399 1730 490 1796 Inter
524 1734 582 1798 hos
616 1733 796 1810 Justinum,
830 1735 890 1816 qui
925 1731 1078 1811 XXVIII,
1116 1734 1146 1813 1,
1183 1735 1212 1811 6,
1248 1739 1383 1798 narrat:

272 1858 470 1935 „Romanos
492 1860 557 1922 fine
584 1859 659 1922 belli
684 1859 802 1922 Punici
826 1859 926 1940 primi
950 1856 1181 1922 Acarnanibos
1204 1859 1386 1923 auinIatos

268 2001 345 2060 esse,
381 1985 460 2064 quia
503 1982 697 2048 Acarnanes
724 1983 786 2046 soli
820 1984 985 2066 quondam
1021 1983 1174 2047 adversus
1211 1982 1384 2065 Trojanos,

269 2114 417 2172 auctores
452 2110 588 2191 originis
610 2128 698 2188 suae,
721 2109 838 2172 auxilii
861 2107 992 2172 Graecis
1016 2126 1082 2171 non
1108 2105 1294 2184 miserint'’;
1319 2109 1384 2172 He·

270 2233 454 2313 rodianum,
487 2236 554 2317 qui,
585 2237 626 2299 ad
656 2235 743 2298 Livii
776 2235 883 2299 fusam
906 2236 1128 2298 narrationem
1153 2234 1289 2314 (XXIX,
1317 2235 1384 2318 10),

267 2358 432 2440 quomodo
474 2358 619 2424 Romani
661 2361 857 2424 Pessinunte
891 2360 1023 2423 Idaeam
1059 2360 1198 2422 Matrem
1235 2359 1383 2424 Romam

268 2483 472 2562 deduxerint,
496 2486 588 2548 addit
610 2485 636 2564 I,
663 2487 713 2564 11,
738 2486 757 2546 3
778 2534 797 2563 „
807 2483 978 2563 συγγένειαν
1002 2483 1243 2566 προβαλλόμενοι,
1262 2483 1386 2559 mirisa

267 2607 322 2670 ἀπ’
353 2607 462 2672 Αἰνείου
487 2613 538 2673 τοῦ
563 2610 673 2690 Φρυγὸς
697 2611 736 2682 εἷς
759 2610 866 2683 αὐτοὺς
888 2609 1031 2689 διαδοχὴν
1059 2609 1291 2688 καταλέγοντες”
1300 2639 1309 2690 ;
1333 2614 1389 2676 Li·

268 2734 373 2812 vium,
394 2732 564 2813 XXXVII,
586 2737 644 2801 37:
667 2784 685 2814 ‚,
696 2735 818 2802 Consul
831 2736 879 2817 (P.
892 2736 1010 2820 Sprio)
1025 2738 1100 2801 inde
1113 2737 1212 2799 Ilium
1227 2740 1387 2819 processit

268 2866 299 2923 et
314 2905 321 2922 .
335 2909 342 2924 .
357 2908 387 2925 ..
411 2862 608 2925 sacrificavit
631 2864 798 2926 Minervae
820 2863 958 2946 praesidi
982 2863 1078 2941 arcis,
1100 2869 1133 2925 et
1157 2862 1332 2926 Iliensibus
1345 2866 1385 2928 in

270 2987 362 3050 omni
384 3006 494 3050 rerum
520 2990 763 3071 verborumque
788 2990 909 3054 honore
931 2989 974 3053 ab
995 3009 1027 3052 se
1047 2989 1201 3052 oriundos
1214 2988 1387 3055 Romanos

266 3113 534 3194 praeferentibus,
558 3121 590 3178 et
614 3115 772 3179 Romanis
796 3114 890 3178 laetis
913 3115 1039 3198 origine
1061 3114 1149 3193 sua’',
1181 3133 1265 3196 quae
1283 3115 1388 3179 Justi·

268 3256 329 3300 nus
365 3239 425 3302 hoc
460 3240 555 3303 modo
590 3239 740 3316 reddidit,
776 3236 895 3318 XXXI,
929 3241 966 3302 8:
996 3239 1201 3317 „Iliensibus
1232 3239 1385 3304 Aeneam

268 3369 451 3446 ceterosque
485 3384 561 3428 curn
595 3383 633 3428 eo
665 3365 762 3428 duces
792 3384 812 3427 a
841 3383 875 3428 se
905 3365 1072 3447 profectos,
1098 3363 1257 3428 Romanis
1280 3385 1314 3428 se
1337 3367 1385 3431 ab

269 3490 319 3553 his
341 3496 524 3573 procreatos
546 3491 762 3554 referentibus
770 3516 779 3567 ;
805 3495 963 3572 tantaque
987 3490 1116 3553 laetitia
1137 3491 1286 3555 omnium
1307 3491 1383 3570 suit,

268 3624 392 3697 quanta
419 3635 486 3679 esse
511 3623 583 3697 post
606 3616 740 3698 longum
769 3622 897 3697 tempus
920 3616 1008 3678 inter
1032 3623 1181 3699 parentes
1204 3622 1237 3679 et
1259 3616 1385 3682 liberos

267 3740 381 3804 solet.’'
411 3738 501 3805 Haec
530 3743 643 3805 omnia
673 3741 841 3805 Romanos
872 3761 906 3804 se
930 3747 1075 3825 tempore
1098 3742 1239 3826 Augusti
1262 3762 1280 3808 e
1302 3744 1384 3808 Tro·

263 3868 352 3950 janis
372 3874 548 3950 prognatos
570 3869 689 3931 dixisse
713 3868 838 3945 docent,
862 3886 947 3949 quae
970 3873 1080 3932 tamen
1101 3867 1246 3951 figmenti
1258 3868 1384 3934 indicia

267 3992 360 4056 nullo
384 3991 479 4057 modo
500 3993 606 4057 celare
628 3993 794 4056 videntur.

302 4200 330 4266 I)
350 4201 438 4251 Unum
461 4201 638 4265 excipiendum
661 4207 700 4251 est
717 4202 780 4251 illud
798 4202 901 4252 Catonis
917 4204 984 4266 apud
1002 4203 1120 4253 Servium
1138 4205 1169 4254 ad
1187 4205 1250 4255 Aen.
1268 4205 1298 4269 V,
1316 4205 1381 4259 564:

270 4293 359 4357 „quod
384 4293 416 4341 ad
442 4293 542 4342 ltaliam
560 4293 676 4357 (Polites)
704 4294 847 4356 pervenerit
872 4299 898 4344 et
920 4300 1065 4362 segregatus
1088 4296 1120 4346 ab
1139 4297 1223 4347 Aenea
1238 4298 1383 4352 condiderit

267 4385 388 4450 oppidum
408 4386 559 4436 Politorium
577 4401 592 4434 a
608 4400 656 4436 suo
674 4385 801 4438 nomine.”
