2956 5040
643 386 683 447 45

108 595 291 659 Pallantem
315 615 388 659 cunr
411 596 512 678 copiis
532 596 567 658 in
588 597 656 678 ejus
675 596 771 659 fidem
791 596 970 660 committit
990 596 1167 680 suadetque
1179 600 1216 660 nt

107 720 272 783 auxilium
308 721 557 802 Tyrrhenorum
593 725 689 804 petat.
725 718 836 784 Venus
870 721 936 784 lilio
971 741 1029 784 suo
1063 740 1167 798 arma,
1198 742 1218 783 a

107 845 257 908 Vulcano
282 845 437 923 conlecta,
461 845 563 909 affert.
587 847 634 909 Eo
659 848 794 909 absente
817 846 933 909 Rutuli
952 847 1097 929 sociique
1109 844 1218 909 Turno

106 969 188 1033 duce
215 977 321 1033 castra
344 970 485 1054 Trojano
511 977 635 1054 urgent,
660 972 715 1034 sed
739 970 984 1052 Tyrrhenorum
1011 972 1136 1035 anxilio
1159 972 1219 1033 im-

106 1103 233 1178 petrato
253 1117 290 1161 ea
311 1098 480 1162 obsidione
499 1098 625 1162 Aeneas
638 1098 766 1176 liberat,
780 1100 1055 1181 Mezentiumque,
1069 1119 1178 1182 regem
1199 1119 1219 1161 a

107 1220 295 1287 Caeritibus
323 1225 508 1307 expulsum,
533 1226 661 1289 occidit.
687 1225 763 1288 Post
788 1227 895 1289 varios
918 1245 1010 1289 casus
1033 1230 1219 1289 anacastra

107 1348 149 1410 ad
173 1348 288 1411 urbem
312 1349 525 1425 Laurentum,
549 1350 590 1412 ad
613 1369 713 1433 quam
734 1350 864 1413 Turnus
883 1351 1040 1434 confugit,
1053 1351 1218 1415 admovet.

108 1469 239 1537 Turnus
262 1473 454 1558 Aeneaeque
479 1495 597 1539 manus
615 1494 783 1540 conserere
803 1481 934 1559 optant,
947 1478 1085 1541 Latinus
1099 1478 1219 1540 frustra

107 1599 205 1662 illum
238 1601 379 1664 retinere
409 1606 544 1665 conatur
574 1605 606 1664 et
637 1601 704 1663 iam
737 1621 812 1664 cum
837 1600 950 1665 Aenea
974 1603 1085 1666 foedus
1109 1603 1219 1666 firmat

107 1725 375 1811 conditionesque
398 1727 579 1790 constituit.
603 1726 715 1789 Latini
739 1728 773 1789 in
798 1725 952 1810 Trojanos
972 1729 1133 1810 impetum
1154 1729 1218 1792 fae·

108 1849 175 1912 turi
197 1851 240 1914 ab
263 1851 376 1914 Aenea
398 1851 560 1929 sedantur,
585 1853 643 1935 qui
668 1856 778 1916 tamen
792 1852 995 1916 vulneratur.
1009 1854 1146 1918 Veneris
1159 1873 1218 1936 ope

108 1981 219 2038 autem
252 1978 390 2040 retectus
421 1977 456 2039 in
488 1996 632 2060 pugnam
667 1977 759 2055 redit,
782 1977 895 2041 urbem
920 1986 1096 2061 oppugnat.
1122 1979 1218 2062 Egre-

108 2098 199 2163 ditur
221 2101 362 2166 annus.
382 2102 508 2166 Proelia
529 2103 703 2166 commisso
723 2103 854 2165 Turnus
874 2103 917 2166 ab
930 2101 1041 2166 Aenea
1053 2104 1218 2180 occiditur,

108 2228 165 2290 eui
193 2228 343 2310 deinceps
373 2227 547 2290 Lavinium
575 2248 708 2292 uxorem
733 2229 851 2292 ducere
873 2229 1118 2313 Laviniumque
1145 2249 1219 2294 con·

108 2352 186 2416 dere
208 2352 296 2418 lieet.

157 2478 226 2541 Hoc
256 2499 354 2562 quam
387 2478 577 2544 brevissime
608 2484 779 2543 narratum
805 2479 966 2544 Aeneidos
988 2488 1217 2562 argumentenr

109 2606 169 2681 est,
193 2605 279 2687 qnod
302 2603 414 2668 multis
436 2605 510 2668 aliis
535 2605 670 2697 deorum
695 2606 933 2690 hominumque
954 2606 1083 2685 fabulis,
1108 2627 1218 2671 rerum

105 2734 286 2812 gestarum,
309 2750 488 2809 sacrorum,
513 2731 666 2795 ludorum
691 2751 942 2815 pugnarumque
965 2734 1220 2811 narrationibus,

107 2854 292 2936 regionum,
317 2855 475 2934 locorum,
502 2862 800 2939 tempestatumque
823 2859 1094 2940 descriptionibus
1117 2861 1222 2923 intex-

109 2985 182 3042 tum
210 2981 407 3044 invenimus.
432 2983 459 3044 E
482 2983 594 3065 paucis
619 2983 825 3067 exilibnsqne
848 2984 994 3067 priorum
1019 2986 1223 3067 argumentis

108 3111 206 3188 poeta
251 3108 393 3189 profecto
440 3108 603 3191 copiosam
648 3109 957 3193 ornatissimamque
999 3112 1220 3175 narrationem

109 3233 325 3325 composuit.¹

156 3356 265 3440 Ipsam
290 3359 436 3424 fabulam
457 3362 497 3425 de
518 3360 629 3425 Aenea
649 3381 715 3425 non
730 3363 884 3441 mutavit,
898 3369 932 3426 at
944 3364 1063 3428 tradita
1076 3366 1223 3428 extendit
1325 3396 1327 3400 ·

109 3486 318 3571 ornavitque,
344 3505 429 3550 nova
449 3488 585 3551 addidit.
608 3485 701 3552 Inter
712 3489 825 3553 addita
838 3490 939 3553 totius
952 3489 1083 3554 Aeneae
1095 3491 1223 3555 itineris

109 3612 154 3674 ab
179 3610 270 3676 Aeno
296 3632 397 3696 nsque
421 3614 462 3677 ad
486 3613 715 3696 Carthiginem
737 3616 996 3699 descriptionem,
1010 3618 1079 3700 ejus
1096 3637 1223 3680 moram

110 3734 320 3821 Carthagine,
355 3738 447 3802 ludos
477 3739 512 3801 in
546 3738 708 3803 Anchisae
742 3740 897 3805 bonorem
931 3747 1113 3826 partesque,
1140 3761 1225 3826 quae

110 3882 189 3926 eum
220 3863 254 3926 in
279 3862 400 3929 Orcum
425 3864 685 3941 descendentem,
710 3866 902 3930 Evandrum
928 3868 1100 3947 visentem,
1123 3870 1226 3932 armis

110 4009 132 4050 a
164 3989 290 4055 Venere
321 3991 405 4054 datis
437 3997 589 4056 ornatum
616 3993 755 4074 fingunt,
779 3993 970 4074 reperimus.
996 3993 1086 4058 Inter
1109 4001 1226 4058 ornata

109 4119 224 4180 omnia
253 4119 321 4199 ejus
346 4118 521 4202 colloquia,
546 4119 894 4182 commemorationem
920 4122 1042 4203 atejus
1067 4127 1099 4183 et
1122 4121 1226 4183 Turni

110 4241 284 4320 sociorum,
309 4247 410 4305 totam
437 4243 514 4306 belli
539 4243 791 4325 descriptionem
816 4243 1013 4307 invenimus.
1038 4245 1129 4307 Inter
1156 4228 1246 4308 mu?

111 4374 180 4432 tata
203 4366 381 4432 Anchisem
404 4370 491 4452 apud
516 4370 703 4452 Drepanum
731 4368 907 4450 sepultum,
932 4369 1087 4434 Latinum
1116 4371 1227 4434 neutri
