2956 5040
637 395 676 457 61

94 604 180 670 Aen.
214 604 255 683 X,
294 603 349 668 74:
386 603 594 687 „Indignum
630 611 677 669 est
712 602 814 670 Italos
844 605 976 689 Trojam
1009 607 1212 672 circumdare

92 730 234 794 flammis
264 727 461 794 Nasceutem
478 729 585 810 ....”,
620 730 702 795 Aen.
734 731 793 810 IX,
827 733 910 795 uls:
937 729 1035 809 „Nec
1059 738 1090 797 te
1114 734 1214 816 Troja

93 853 214 938 capit.'’
243 857 378 939 Prope
410 875 523 920 mare
546 857 595 920 ad
620 856 814 920 Tiberim
837 858 901 920 sita
923 863 1010 921 sunt.
1034 857 1116 922 Aen.
1141 854 1213 936 VII,

95 981 160 1045 303
192 979 346 1065 (Querela
374 982 526 1066 Junouis)
559 1029 668 1061 .....
681 980 801 1065 Optato
826 984 1017 1048 conduntur
1039 981 1214 1066 Thybridis

94 1108 192 1172 alveo
223 1107 334 1172 Securi
365 1107 471 1192 pelagi
503 1111 601 1191 atqua
634 1106 820 1187 mei....'',
845 1107 929 1172 Aen.
954 1106 1013 1188 ΙΧ,
1040 1109 1103 1170 469
1129 1107 1215 1192 (pars

94 1234 306 1316 castrorum):
331 1253 440 1311 „nam
463 1234 598 1299 dextera
621 1234 766 1317 cingitur
784 1235 877 1297 amni
891 1281 898 1297 .
913 1281 919 1295 .
935 1231 985 1298 ..''
1003 1233 1085 1299 Aen.
1100 1231 1157 1313 IX,
1173 1236 1212 1296 69

94 1359 281 1441 „Classem
313 1381 399 1447 quae
430 1361 527 1426 lateri
557 1367 739 1427 castrorum
772 1361 928 1444 adjuncta
951 1362 1084 1440 latebat,
1110 1361 1214 1446 Agge·

94 1492 189 1556 ribus
219 1495 365 1575 saeptam
398 1490 522 1554 circum
554 1493 587 1553 el
617 1488 807 1553 fluvialibus
839 1490 937 1553 undis
959 1489 1113 1553 Invadit.
1129 1535 1136 1551 .
1152 1536 1159 1552 .
1174 1486 1213 1565 .’',

94 1614 181 1680 Aen.
212 1613 274 1694 IX,
300 1614 340 1678 87
352 1641 359 1679 :
382 1664 401 1693 „
417 1663 446 1681 ..
462 1614 630 1681 ..Locum
654 1615 781 1679 insidiis
807 1617 1035 1699 conspeximus
1057 1616 1131 1701 ipsi,
1155 1617 1213 1700 qui

94 1747 188 1826 patet
210 1742 245 1805 in
270 1743 359 1807 bivio
384 1747 507 1827 portae,
532 1762 618 1825 quae
641 1742 793 1826 proxima
817 1739 949 1826 ponto.”

142 1866 259 1930 Latii
289 1886 361 1933 rex
392 1873 452 1932 est
479 1867 682 1946 Latinus,
707 1867 746 1932 cl.
770 1864 847 1946 VII,
872 1869 924 1947 45,
950 1869 1043 1952 cujus
1064 1867 1134 1931 filia
1156 1868 1215 1931 La·

100 1994 195 2057 vinia
231 1993 281 2072 70,
311 2012 411 2076 quam
436 2012 570 2059 uxorem
595 1993 679 2075 petit
702 1993 832 2057 Turnus
858 1993 1059 2077 approbante
1083 1994 1214 2072 Amata,

95 2119 258 2185 Laviniae
289 2125 394 2185 matre
427 2119 568 2198 55-57,
591 2119 711 2184 Latino
736 2125 919 2198 recusante,
943 2120 1085 2185 oraculis
1106 2121 1215 2185 Fauni

96 2246 224 2309 monito
260 2246 333 2323 102,
366 2247 395 2309 3.
420 2244 479 2308 Ad
502 2245 704 2309 Latinum
728 2243 895 2309 Aeneas
919 2246 1060 2311 mittit
1082 2252 1213 2311 centum

95 2377 250 2450 oratores,
275 2372 337 2435 diis
361 2372 475 2454 patriis
503 2371 611 2435 sedem
637 2371 803 2454 exiguam,
828 2372 891 2435 sibi
916 2373 1009 2436 littus
1032 2373 1213 2438 innocuum

98 2497 289 2580 undamque
319 2516 503 2580 auramque
534 2501 703 2579 patentem
735 2501 890 2580 petentes.
923 2497 967 2562 Iis
996 2518 1081 2581 quae
1103 2503 1216 2582 petant

95 2624 246 2688 coneedit
269 2627 301 2687 et
326 2623 473 2687 Aeneam
496 2642 655 2706 generum
682 2628 782 2708 optat,
808 2624 883 2702 260,
910 2624 960 2688 68.

143 2749 328 2826 Turnus,
352 2767 424 2812 rex
446 2747 709 2812 Rutulorum
735 2748 808 2827 VII,
830 2748 992 2828 sca-13,
1013 2749 1073 2827 IX,
1087 2750 1160 2829 327,
1173 2750 1215 2829 X,

98 2875 174 2952 col,
182 2875 321 2940 Rutulos
333 2880 439 2938 armat
452 2880 567 2939 contra
579 2875 736 2938 Latinum
752 2879 783 2938 et
796 2875 956 2958 Trojanos
968 2873 1042 2953 VII,
1052 2876 1216 2940 nol-71.

99 3001 164 3065 Sed
187 3002 229 3065 ob
251 3021 384 3066 cervum
411 3000 623 3067 vulneratum
643 3003 712 3083 jam
738 3001 825 3065 inter
849 3001 1006 3084 Trojanos
1025 3007 1056 3065 et
1074 3001 1217 3066 Lauren·

99 3132 149 3192 tes
179 3128 261 3191 duce
290 3127 431 3208 Tyrrhe,
454 3131 583 3208 pastore
616 3126 714 3209 regio,
739 3126 864 3190 bellum
890 3131 998 3190 ortum
1026 3131 1084 3206 est,
1108 3127 1217 3189 483-

101 3253 175 3330 539,
207 3254 404 3338 quibuscum
439 3271 529 3316 nunc
565 3251 696 3316 Turnus
727 3271 760 3316 se
791 3251 941 3334 adJunxit
973 3251 1047 3318 577.
1071 3253 1216 3331 Latinus,

98 3380 209 3443 neutri
243 3380 331 3462 parti
367 3380 489 3456 favens,
522 3397 555 3442 se
589 3378 655 3454 „iu
690 3379 783 3442 tectis
807 3378 875 3442 suis
897 3378 1016 3460 saepsit
1039 3396 1216 3461 rerumque

100 3504 236 3588 reliquit
261 3503 425 3569 habenos''
451 3504 524 3565 600.
549 3503 681 3567 Turnus
704 3503 767 3566 sibi
790 3503 893 3568 socios
916 3508 1010 3585 parat
1030 3503 1118 3566 inter
1137 3522 1218 3586 quos

100 3631 300 3695 Mezentium
337 3634 370 3694 et
405 3632 474 3713 eJ'us
508 3630 612 3694 filium
647 3627 804 3708 Lausum,
830 3631 918 3694 hunc
950 3630 1043 3694 mille
1067 3630 1156 3695 viros
1178 3650 1218 3695 ex

101 3753 221 3840 Agylla
253 3754 379 3838 (Caere)
410 3756 582 3819 dueentem
618 3756 691 3834 651,
725 3755 822 3819 illum
854 3774 962 3839 regem
988 3775 1008 3818 a
1032 3754 1219 3822 Caeritibus

78 3969 81 3974 Ι
101 3882 285 3965 expulsum,
310 3881 367 3964 qui
391 3881 430 3944 ad
454 3880 605 3946 Turnum
632 3881 822 3965 confugerat
846 3879 935 3960 VIII,
958 3882 1144 3946 tta-495.

146 4009 273 4072 Aeneas
306 4009 432 4071 interea
461 4009 626 4072 auxilium
660 4007 810 4071 Evandri
835 4008 893 4090 qui
914 4008 1106 4074 Palantium
1132 4010 1221 4074 habi·

101 4135 193 4198 labat
222 4132 475 4215 Tarchonisque‚
500 4134 709 4197 Etruscorum
740 4133 841 4210 ducis,
864 4134 999 4198 invocat
1023 4131 1117 4212 VHI,
1144 4136 1217 4214 100,

101 4261 142 4339 V,
179 4261 251 4337 154,
289 4260 318 4320 5.
356 4259 466 4323 Aenea
495 4262 627 4324 absente
660 4259 792 4322 Turnus
824 4266 929 4323 castra
952 4261 1139 4343 aggreditur
1160 4263 1217 4326 ¹sed

102 4385 275 4470 repellitur
301 4383 359 4447 IX.
385 4384 512 4449 Aeneas
535 4390 645 4449 tamen
669 4405 708 4448 ex
730 4384 867 4448 Etruria
885 4405 960 4448 eum
980 4387 1080 4469 copiis
1093 4388 1176 4450 redit
1187 4391 1221 4450 et
