2956 5040
662 424 700 486 51

124 653 202 713 csse,
234 634 429 716 Dionysium
456 634 601 716 primum
626 633 799 714 solumque
825 633 894 714 ejus
917 631 1073 695 sacellum
1100 631 1154 694 vei
1177 629 1242 693 An·

124 759 243 835 clrisae,
280 759 322 822 ab
359 778 397 823 eo
431 763 644 835 exstructum,
680 757 768 840 apud
802 756 996 820 Numicium
1034 755 1168 840 ejusque
1202 757 1237 818 in

126 884 283 948 honorem
316 884 476 947 sacrificia
504 889 537 946 et
562 884 658 947 festos
682 883 749 946 dies
772 900 1053 958 commemorasse,
1079 882 1242 943 miramur

126 1015 214 1073 certe
244 1010 332 1073 viros
360 1009 469 1073 doctos
493 1010 533 1072 ad
559 1007 704 1071 Aeneam
729 1008 842 1089 priscis
866 1006 1094 1070 Romanorum
1120 1011 1240 1087 tempo-

126 1131 216 1195 ribus
258 1132 467 1197 inserendum
513 1153 645 1216 operam
684 1131 893 1214 impendisse.
929 1132 963 1195 Si
997 1132 1240 1194 consideramus

128 1260 285 1338 Aeneam,
309 1259 407 1343 Troja
433 1261 630 1343 migrantem
655 1260 697 1322 ad
722 1255 867 1336 Italiam,
892 1277 910 1321 e
932 1277 1043 1320 rerum
1067 1265 1186 1319 natura
1211 1261 1242 1320 et

127 1385 258 1468 vulgari
293 1383 447 1468 opinione
481 1386 620 1449 Penates
650 1404 724 1447 suos
754 1402 865 1447 secum
900 1382 1030 1446 duxisse
1061 1382 1242 1463 eademque

127 1511 255 1575 ratione
286 1530 344 1594 per
376 1511 548 1603 hominum
581 1512 737 1593 figmenta
766 1529 843 1572 cum
869 1508 1018 1585 Lavinio,
1044 1508 1117 1571 sede
1140 1507 1243 1569 Pena·

128 1640 201 1699 tum
232 1637 470 1713 Romanorum,
494 1639 705 1720 conjunctum
732 1654 809 1712 esse,
836 1634 998 1696 miramur
1023 1635 1110 1696 viros
1133 1633 1242 1697 doctos
1293 1694 1296 1699 .

128 1762 302 1826 credidisse
333 1763 364 1826 ei
388 1782 502 1827 revera
526 1782 603 1826 cum
627 1761 768 1843 antiqua
796 1759 876 1822 urbe
899 1759 1037 1823 Lavinio
1060 1759 1241 1841 quidquam

128 1906 306 1951 commune
330 1888 438 1952 fuisse.

174 2009 371 2096 Hujusmodi
405 2013 560 2096 figmenta
595 2031 635 2075 ex
669 2008 832 2094 figmentis
866 2014 946 2072 nata
979 2015 1073 2073 caute
1108 2010 1242 2072 vitanda

129 2145 217 2214 sunt,
241 2139 320 2221 quia
342 2145 470 2203 constat
493 2137 657 2202 Naevium
684 2138 835 2201 omnium
859 2135 1003 2218 primum
1030 2135 1176 2200 Aeneam
1200 2137 1242 2200 ad

129 2261 263 2326 Italiam
288 2263 461 2346 appulsum
486 2282 643 2342 narrasse,
665 2262 753 2345 quod
774 2281 895 2326 nomen
916 2263 1033 2325 deinde
1045 2263 1079 2323 in
1093 2282 1143 2326 res
1155 2267 1243 2326 actas

129 2387 309 2470 priscorum
344 2393 542 2470 temporum,
579 2389 712 2452 tandem
748 2387 847 2450 Juliis
877 2387 1068 2451 auctoribus
1099 2388 1243 2469 apoetis

130 2496 269 2596 aliisque
299 2514 509 2597 scriptoribus
539 2514 626 2577 iuter
656 2514 792 2577 deorum
824 2513 962 2577 nomina
993 2518 1159 2596 receptum
1185 2519 1243 2578 est.
