2956 5040
707 438 770 501 113

174 647 402 728 peritissimus,
426 665 445 710 e
465 651 559 729 patre
580 649 680 709 natus
705 664 725 708 a
746 647 839 729 cujus
859 645 934 709 luco
952 643 1085 727 pietatis
1105 663 1204 708 causa
1216 644 1294 726 equi

175 790 289 835 omnes
310 776 476 849 arcentur,
500 789 560 834 nos
584 773 756 853 repugnat,
779 769 868 852 quod
892 770 1020 834 verbis:
1041 766 1296 846 „haudsecius”

174 913 242 958 non
266 892 403 958 tollitur.
471 888 473 893 ’

218 1020 247 1082 H
281 1019 403 1102 quibus
437 1038 512 1083 mea
549 1021 715 1084 sententia
748 1020 910 1103 conjicere
945 1020 1025 1084 licet
1059 1016 1189 1084 Virbioa
1222 1020 1299 1085 illos

176 1163 315 1227 qnoque,
351 1148 383 1209 et
418 1149 547 1226 patrem
582 1151 615 1209 et
645 1145 753 1208 filium
777 1146 912 1228 ingenio
936 1144 1076 1228 Vergilii
1103 1150 1198 1210 natos
1221 1165 1299 1224 csse,

175 1287 319 1350 quorum
350 1269 436 1332 alter
466 1269 635 1334 oblivione
665 1269 708 1332 sit
734 1269 883 1348 obrutus,
907 1273 1002 1351 pater
1027 1288 1114 1348 vero,
1140 1289 1299 1334 resurrec-

133 1380 136 1385 ⁴
175 1395 228 1455 tua
250 1391 309 1457 ille
331 1392 546 1476 Hippolytus,
570 1393 640 1477 jam
664 1395 850 1476 antiquitus
875 1414 952 1459 cum
973 1392 1082 1458 Diana
1092 1397 1297 1479 conjunctus,

177 1535 195 1580 e
228 1535 341 1580 rerum
378 1522 501 1581 natura
534 1519 569 1580 in
603 1520 673 1600 ejus
704 1518 819 1581 fanum
852 1519 983 1584 Ariciae
1006 1520 1196 1598 translatus,
1221 1540 1299 1584 mox

176 1642 339 1705 semideus
363 1643 467 1706 factus
491 1644 544 1719 sit,
567 1643 620 1705 cui
648 1643 727 1706 haec
751 1642 804 1707 rel
827 1644 988 1725 posterior
1010 1649 1101 1709 aetas
1124 1644 1296 1710 flaminem

177 1765 294 1829 addere
324 1786 391 1830 non
423 1768 581 1831 omiserit.
604 1765 817 1850 Quamquam
843 1766 987 1833 libenter
1010 1771 1167 1835 confiteor
1193 1771 1299 1833 multa

178 1891 231 1955 hic
253 1892 289 1953 in
314 1893 458 1956 tenebris
477 1895 598 1976 jacere,
623 1892 749 1956 ostendi
773 1898 895 1971 tamen,
922 1900 960 1956 nt
979 1913 1083 1979 spero,
1103 1893 1212 1959 Virbii
1232 1897 1299 1961 cul·

178 2019 249 2078 tum
272 2015 315 2078 ad
337 2017 521 2081 recentiora
545 2021 696 2100 tempora
718 2018 884 2100 pertinere
905 2038 1007 2101 quam
1031 2020 1093 2083 viri
1119 2019 1198 2085 dicti
1217 2021 1300 2084 indi·

178 2141 339 2204 caverint.

674 2735 800 2811 XVII.

555 2956 690 3027 mensae
714 2958 920 3028 consumtus.

224 3403 391 3487 Vergilius
424 3403 575 3467 versibus
608 3402 877 3486 praecedentibus
909 3403 1010 3467 verba
1044 3421 1130 3486 quae
1162 3402 1305 3484 legimus

181 3530 254 3593 Lib.
285 3528 359 3606 VH,
392 3528 473 3591 116:
503 3575 522 3603 „
532 3526 631 3606 Heus,
656 3527 757 3591 etiam
783 3546 913 3591 mensas
935 3527 1170 3610 consumimus,
1194 3527 1304 3608 inquit

181 3652 296 3718 Julus''
326 3670 412 3735 quae
438 3654 509 3734 jam
534 3652 646 3715 multo
663 3655 762 3715 antea
785 3651 1002 3727 indicaverat,
1028 3651 1207 3734 descripsit.
1231 3651 1304 3715 Lib.

183 3779 272 3843 enim
303 3775 366 3853 III,
400 3778 473 3854 255,
506 3776 657 3859 Harpyia
682 3773 826 3840 Celaeno
851 3776 1000 3840 Aeneam
1024 3775 1093 3860 ejus
1117 3777 1215 3841 soriis
1238 3794 1305 3839 cer·
1418 3824 1421 3828 .

182 3902 299 3965 liorem
334 3902 467 3979 fecerat,
501 3919 607 3983 quum
642 3899 833 3964 cecinisset:
864 3901 959 3978 „Sed
988 3920 1056 3965 non
1089 3907 1166 3965 ante
1189 3900 1301 3963 datam

182 4024 319 4108 cingetis
342 4024 516 4089 moenibus
539 4025 665 4104 urbem,
689 4023 801 4105 Quam
822 4045 881 4089 vos
900 4026 973 4089 dira
992 4016 1306 4107 iameanostraeque

182 4151 307 4233 inJ'uria
338 4149 447 4213 caedis
478 4148 639 4214 Ambesas
669 4150 800 4233 subigat
825 4151 921 4213 malis
943 4152 1119 4215 absumere
1145 4147 1308 4227 mensas'’,

182 4282 215 4339 et
245 4295 340 4339 versu
372 4275 446 4353 394,
478 4274 624 4338 Helenus
655 4275 815 4350 sacerdos,
846 4273 979 4339 Aeneae
1009 4276 1162 4337 animum
1186 4274 1308 4337 addens

182 4400 262 4463 baec
291 4399 509 4482 repetiverat:
534 4397 632 4476 „Nec
656 4403 693 4463 tu
717 4417 909 4462 mensarum
933 4417 1059 4463 morsus
1085 4398 1235 4463 horresce
1259 4399 1308 4462 iu·

1191 4507 1208 4559 8
