2956 5040
733 1475 783 1551 H.

336 1696 459 1767 Fabula
482 1696 522 1766 de
545 1698 656 1768 Aenea
680 1697 711 1766 in
736 1698 828 1768 Latin
852 1697 964 1768 sedern
990 1697 1183 1785 quaerente.

249 2252 353 2336 Supra
371 2256 442 2337 jam
464 2254 590 2318 ostendi
610 2253 776 2318 Naevium
796 2255 941 2337 primum
963 2273 1083 2317 namen
1098 2252 1227 2317 Aeneae
1240 2251 1322 2317 duei

204 2377 418 2459 Trojanarum
446 2378 615 2444 addidisse.
641 2379 771 2444 Servius
794 2399 870 2443 enm
893 2398 1040 2442 narrasse
1061 2378 1161 2442 tradit
1180 2377 1280 2459 (Aen.
1293 2377 1321 2456 Ι,

207 2503 280 2587 170)
304 2524 457 2580 „novam
481 2510 591 2569 namen
618 2524 685 2568 rem
711 2504 859 2569 Naevius
883 2504 973 2582 dicit,
999 2522 1099 2566 unam
1120 2521 1240 2565 narem
1265 2503 1322 2565 ha·

207 2630 316 2694 buisse
359 2629 513 2709 Aeneam,
557 2651 656 2713 quam
696 2630 876 2694 Mercurius
913 2629 1055 2694 feeerit”.
1091 2628 1141 2692 Ad
1176 2627 1257 2692 Aen.
1295 2629 1324 2708 1,

207 2756 377 2820 rea-207
401 2763 538 2821 annotat
559 2762 676 2835 ,‚toius
697 2757 750 2821 hie
773 2757 860 2821 leons
881 2776 921 2821 ex
941 2757 976 2820 Β.
990 2754 1025 2821 Ρ.
1047 2757 1223 2820 translatus
1239 2755 1322 2835 ast’',

204 2883 246 2946 ad
268 2882 350 2948 Aen.
375 2881 402 2963 I,
429 2883 509 2946 273:
532 2883 710 2959 „Naevius
735 2887 768 2947 ei
791 2884 919 2947 Ennius
939 2882 1070 2948 Aeneae
1089 2882 1322 2966 exfilianepe·

203 3015 269 3073 tem
295 3009 474 3073 Remulum
497 3010 697 3074 uenditorem
722 3010 812 3073 urbis
833 3009 999 3074 tradunt.”
1020 3007 1113 3090 Quae
1131 3009 1323 3091 fragmenta

203 3136 319 3200 decent
343 3137 488 3200 Aeneam
512 3138 694 3200 seeundum
720 3136 883 3200 Naevium
910 3134 1008 3219 Troja
1032 3138 1073 3200 ad
1096 3134 1227 3200 Italicas
1245 3156 1323 3201 eras

205 3264 369 3343 migrasse,
403 3262 457 3326 sed
492 3262 593 3325 etiam
625 3281 699 3325 eum
734 3281 785 3325 res
816 3262 852 3323 in
884 3262 978 3325 Latio
1003 3266 1109 3344 gestas
1132 3262 1197 3326 alio
1221 3262 1322 3327 niodo

202 3390 303 3469 quam
328 3386 513 3470 Vergilium
538 3387 750 3469 descripsisse.

246 3512 418 3576 Praeterea
446 3532 487 3575 ex
518 3511 703 3574 Annalibus
732 3511 833 3575 Ennii
858 3512 969 3590 verba,
997 3531 1018 3573 a
1039 3512 1218 3589 Prisciane,
1242 3511 1320 3591 VII,

204 3637 255 3714 la,
290 3643 430 3714 servata,
465 3637 655 3700 invenimus
693 3637 788 3702 haee:
821 3658 934 3722 „quas
967 3638 1115 3703 {reminas
1148 3641 1320 3723 quondam

202 3763 376 3825 Laurentis
411 3767 496 3825 terra
529 3761 682 3845 recepit’',
715 3761 841 3842 („Oum
877 3769 968 3828 veter
991 3765 1144 3829 occubuit
1165 3765 1321 3830 Priamus

200 3887 261 3950 sub
285 3892 388 3951 marie
411 3886 591 3971 Pelasga’').

244 4011 349 4079 Mulie
384 4015 537 4079 uberiora
574 4013 724 4097 Origines
761 4015 806 4078 M.
837 4015 944 4080 Persii
969 4013 1105 4080 Catonis
1128 4016 1222 4082 nabis
1245 4016 1317 4081 offe·

202 4146 289 4219 runt,
312 4159 397 4222 quae
423 4139 475 4203 hic
500 4140 681 4204 describere
711 4140 803 4204 libet.
825 4139 984 4223 „Trajam
1005 4146 1118 4205 autern
1138 4141 1315 4224 dieiquam

201 4267 342 4349 primam
378 4267 453 4331 feeit
486 4265 642 4345 Aeneas”‚
671 4265 774 4349 (Serv.
801 4264 880 4330 Aen.
905 4266 931 4345 I,
956 4269 987 4351 5)
1011 4314 1031 4345 ‚‚
1041 4267 1213 4332 Sciendum
1239 4268 1318 4332 eivi-

201 4399 300 4460 sarem
336 4412 436 4475 quam
478 4394 619 4476 primam
650 4394 727 4458 resin
758 4393 884 4458 Aeneas
919 4393 1051 4477 Trojam
1082 4391 1226 4458 dietam''
1257 4394 1316 4477 (Id.
