2956 5040
719 380 758 441 60

180 587 312 651 Turnus
333 592 446 652 autem
471 588 631 653 Mezentio
653 587 808 671 adjuncto
831 588 956 652 bellum
971 594 1154 654 renovatet
1168 588 1296 652 Aeneas

179 715 301 798 proelio
336 712 508 778 commisso
541 734 705 797 nusquam
736 714 897 797 apparuit.
925 715 972 778 De
996 715 1108 779 Turno
1133 734 1203 779 non
1229 734 1296 776 am-

179 839 265 923 plius
301 841 423 905 mentio
457 842 544 904 facta
574 845 632 904 est.
668 839 825 904 Ascanius
857 841 955 904 etiam
983 845 1060 925 tum·
1077 860 1159 923 puer
1184 845 1296 923 postea

179 965 298 1031 Albam
322 966 466 1050 Longam
490 967 636 1031 condidit
660 970 693 1030 et
711 985 786 1030 oum
800 963 964 1031 Mezentio
978 967 1190 1050 Etruscisque
1206 967 1295 1049 pacis

180 1090 276 1154 fldem
302 1092 463 1156 servabat.

223 1215 475 1282 Narrationibus
511 1219 597 1283 hisce
629 1219 774 1284 collectis
804 1220 872 1282 iam
903 1238 1001 1302 quem
1035 1220 1088 1285 vel
1111 1239 1197 1302 quos
1221 1239 1298 1284 auc-

180 1345 262 1406 tores
284 1342 450 1427 Vergilius
473 1350 602 1408 secutus
627 1345 671 1408 sit
698 1347 938 1427 perquiramus.

226 1467 308 1534 Aen.
340 1468 366 1549 I,
399 1472 472 1549 5105,
505 1473 540 1533 0;
571 1471 780 1548 „Tendimus
803 1473 839 1534 in
864 1471 1009 1549 Latium,
1032 1470 1123 1534 sedes
1147 1471 1206 1534 ubi
1230 1471 1301 1534 fata

181 1595 309 1677 quietas
331 1593 534 1675 Ostendunt;
558 1596 629 1660 illic
655 1596 703 1659 las
725 1616 827 1680 regna
850 1615 1018 1679 resurgere
1041 1595 1190 1679 Trojae'',
1217 1597 1300 1661 haec

181 1718 346 1784 Naevium
367 1723 438 1805 jam
462 1722 616 1786 cecinisse
638 1722 772 1785 Servius
797 1721 943 1786 tradidit.

226 1846 293 1909 Sua
327 1846 392 1910 lata
426 1847 510 1911 Dido
543 1865 680 1910 narrans
711 1846 838 1910 Aeneas
870 1847 958 1926 dicit,
984 1847 1066 1912 Aen.
1090 1844 1117 1926 Ι,
1145 1848 1300 1912 381-3:

181 1969 264 2047 „Bis
298 1971 389 2036 denis
419 1972 601 2056 Phrygium
633 1971 804 2037 conscendi
828 1972 969 2035 navibus
993 1992 1203 2055 aequor....
1230 1970 1300 2037 Vix

179 2104 300 2181 septem
336 2098 506 2162 convolsae
543 2099 637 2162 undis
670 2099 823 2181 Euroque
854 2098 1047 2181 supersunt’'
1079 2099 1119 2163 ol.
1152 2098 1238 2163 Aen.
1270 2100 1299 2178 Ι,

183 2221 243 2287 170
257 2241 337 2307 sqq,
363 2224 424 2286 192
438 2242 507 2309 sqq.
532 2224 573 2287 llt
596 2229 709 2306 postea
733 2223 789 2301 VI,
814 2221 895 2286 90οι
921 2221 1012 2300 „Ille
1031 2222 1180 2307 (Aeneas)
1202 2226 1297 2288 viam

179 2353 267 2414 secat
289 2350 330 2413 ad
353 2369 454 2413 naves
478 2351 647 2432 sociosque
670 2347 813 2428 revisit''‚
837 2355 869 2414 et
888 2349 1043 2434 postridie
1063 2352 1240 2416 classesua
1253 2354 1298 2416 ad

180 2475 266 2539 Latii
301 2495 374 2542 oras
408 2476 555 2560 appellit.
586 2475 677 2543 Non
710 2476 848 2561 igitur
879 2496 968 2541 cum
993 2497 1075 2541 una
1097 2498 1207 2542 nave
1233 2480 1299 2543 iter

180 2602 326 2686 suscepit,
359 2606 395 2665 ut
426 2602 572 2666 Naevius
604 2607 727 2680 narrat,
750 2603 805 2666 sed
829 2623 923 2667 cnm
949 2603 1151 2686 pluribus
1175 2602 1209 2666 in
1236 2605 1298 2668 La·

181 2726 266 2790 tium
286 2728 451 2812 pervenit3
476 2747 616 2792 -cum
644 2729 762 2812 viginti
786 2726 963 2794 Varronis?

224 2851 306 2918 Aen.
341 2854 367 2931 Ι,
402 2853 472 2932 755,
506 2856 542 2918 6:
576 2853 782 2931 „....Nam
809 2859 842 2920 55
865 2854 1035 2940 (Aeneam)
1056 2859 1126 2939 jam
1150 2858 1298 2939 septima

178 2983 288 3062 portat
317 2979 473 3043 omnibus
499 2984 664 3044 errantem
690 2981 784 3044 terris
807 2986 840 3044 et
862 2982 1013 3045 fluctibus
1038 2980 1175 3045 aestas.”
1198 2979 1297 3062 Quae

178 3105 278 3168 verba
310 3105 412 3168 Didus
441 3125 499 3170 nos
522 3105 640 3170 docent
661 3105 767 3170 duos
789 3125 926 3170 annos
949 3103 1051 3170 Cassii
1076 3104 1297 3191 Dionysiique

179 3229 318 3314 Virgilio
343 3250 422 3295 non
445 3232 649 3296 satisfecisse.

222 3355 304 3420 Aen.
331 3355 389 3435 III,
417 3357 496 3420 708:
521 3357 613 3433 „Hic
636 3355 816 3443 (Deprani),
839 3358 947 3441 pelagi
972 3364 1020 3423 tot
1044 3362 1298 3442 tempestatibus

177 3485 280 3560 actus,
319 3478 393 3545 Heu
436 3482 629 3565 genitorem,
665 3483 773 3548 omnis
806 3503 905 3547 curae
942 3503 1103 3566 casusque
1136 3486 1294 3552 levamen

177 3607 304 3674 Amitto
346 3607 546 3674 Anchisen’'.
581 3609 790 3674 Anchises
833 3612 936 3694 igitur
969 3630 1051 3675 non
1085 3612 1135 3675 ad
1169 3612 1296 3678 Latii

177 3734 334 3798 littora
357 3737 575 3819 pervenit.

221 3860 319 3926 Cum
346 3861 531 3928 Ascanio
555 3863 746 3928 advenit.
774 3863 858 3928 Aen.
883 3863 957 3942 VH,
979 3864 1051 3943 107,
1074 3865 1110 3926 8:
1130 3863 1297 3942 „Aeneas

175 3985 337 4072 primique
367 3988 464 4053 duces
494 3995 526 4052 55
552 3989 688 4072 pulcher
710 3989 806 4053 Julus
828 4009 963 4072 corpora
986 3990 1048 4053 sub
1071 3991 1173 4053 ramis
1194 3990 1294 4075 depo·

175 4117 260 4177 nunt
283 4114 408 4177 arboris
431 4111 549 4178 altae.'’

218 4239 361 4302 Prima
391 4245 533 4302 castra
563 4239 688 4322 Troja
718 4243 939 4303 vocantur.
975 4239 1056 4303 Aen.
1089 4239 1130 4318 X,
1166 4241 1218 4319 26,
1253 4243 1293 4304 l:

174 4398 185 4442 ·,
187 4411 282 4443 .....
296 4364 399 4429 Muris
421 4364 542 4430 iterum
566 4365 719 4429 imminet
740 4366 844 4429 hostes
864 4364 1033 4431 Nascentis
1051 4366 1168 4450 Trojae
1182 4416 1189 4430 .
1204 4416 1211 4430 .
1228 4416 1235 4431 .
1250 4366 1293 4448 .'’,
