2956 5040
703 376 743 437 85

202 584 334 646 Turnus
369 584 456 666 apud
492 584 680 667 Vergilium
718 591 767 648 est
800 585 930 648 suboles
959 586 1121 664 Pilumni,
1153 587 1281 669 dequo

156 709 232 772 Piso
270 708 407 790 (Krousa
445 710 537 790 lem:
574 710 798 787 „Pilumnum
831 710 927 786 dicta,
960 711 1039 791 quia
1067 709 1168 792 pellat
1194 711 1282 774 mala

156 831 355 913 infantiae”,
389 835 567 898 tradiderat
598 839 632 897 et
663 835 779 912 Varro,
811 835 992 897 secuudum
1023 834 1113 899 Serv.
1146 834 1188 912 X,
1223 836 1281 899 76:

156 956 287 1033 „Varro
320 957 520 1021 Pilumnum
545 964 577 1022 et
599 960 803 1022 Picumnurn
826 958 1006 1021 infantium
1031 959 1107 1022 deos
1130 978 1197 1022 esse
1221 960 1279 1035 ait,

157 1080 264 1162 iisque
286 1100 346 1162 pro
370 1100 532 1165 puerpera
554 1080 677 1146 lectum
702 1084 737 1145 in
759 1083 844 1145 atrio
864 1084 977 1161 sterni,
991 1084 1069 1146 dum
1091 1083 1281 1165 exploretur

156 1225 201 1266 an
236 1205 349 1269 vitalis
378 1207 431 1283 sit,
455 1207 513 1288 qui
538 1213 636 1270 natus
658 1207 736 1286 est'',
761 1214 794 1270 et
817 1207 859 1283 X,
884 1209 920 1269 4:
945 1207 1152 1285 „Pilumnus
1174 1214 1207 1270 et
1230 1208 1282 1269 Pi-

156 1349 298 1394 cumnus
331 1331 449 1394 tratres
484 1332 621 1397 luerunt
656 1336 689 1395 et
722 1332 769 1395 dii
778 1358 787 1410 3
822 1334 939 1396 horum
971 1331 1151 1394 Picumnus
1182 1350 1278 1394 usum

155 1456 404 1520 stercandorum
428 1457 559 1521 invenit
580 1477 735 1540 agrorum
760 1457 847 1521 unde
870 1462 902 1521 et
925 1458 1148 1539 Sterquilinus
1175 1457 1280 1521 dictus

157 1587 215 1660 est,
249 1581 424 1646 Pilumnus
461 1603 539 1647 vero
570 1582 720 1666 pinsendi
752 1584 921 1661 frumenti,
947 1583 1035 1646 uude
1058 1602 1078 1645 a
1101 1584 1281 1665 pistoribus

156 1708 285 1772 colitur.
308 1707 361 1771 Ab
383 1709 454 1791 ipso
478 1709 579 1772 etiam
605 1709 711 1792 pilum
736 1708 861 1773 dictum
886 1713 942 1771 est.
973 1705 1073 1771 Varro
1094 1708 1280 1789 conjugales

155 1833 232 1897 deos
260 1831 475 1916 suspicatur.”
499 1834 597 1897 Hunc
622 1834 831 1916 Augustinus
854 1840 984 1897 secutus
1008 1839 1057 1898 cst
1078 1834 1115 1896 in
1140 1830 1214 1896 Civ.
1239 1834 1280 1895 D.

156 1954 212 2036 VI,
224 1960 260 2021 9:
274 2007 292 2035 „
303 1958 558 2035 Intercidonam,
571 1959 778 2037 Pilumnum,
790 1958 1056 2041 Deverramque’'
1070 1978 1279 2041 componens.

204 2080 250 2147 De
282 2084 416 2146 Venilia
446 2084 577 2148 fabulae
602 2089 733 2148 exstant
756 2085 792 2146 in
815 2085 935 2166 quibus
959 2085 1055 2147 modo
1079 2082 1236 2166 Nympha
1259 2101 1279 2144 a

154 2208 240 2272 Jano
277 2213 390 2270 amata
424 2208 465 2272 cf.
498 2205 595 2272 Ovid.
625 2209 702 2273 Met.
734 2207 826 2286 XIV,
857 2208 931 2284 334,
957 2208 1053 2271 modo
1077 2214 1115 2269 ut
1138 2206 1277 2283 Salacia,

155 2330 303 2414 Neptuni
326 2351 409 2396 uxor
431 2332 555 2395 dicitur
577 2332 617 2396 cf.
644 2332 750 2395 Varro
774 2332 849 2395 L.L.
874 2333 914 2409 V,
937 2332 995 2396 72:
1014 2331 1177 2407 „Salacia
1196 2330 1278 2412 Nep·

154 2457 230 2519 tuni
254 2476 274 2519 a
297 2457 376 2536 salo,
400 2453 535 2520 Venilia
558 2477 578 2518 a
601 2458 765 2520 veniendo
789 2476 827 2520 ac
851 2462 952 2520 ventu
972 2457 1040 2535 illo,
1061 2475 1159 2538 quem
1180 2455 1278 2517 Plau-

154 2589 207 2645 tus
236 2583 335 2646 dicit:
367 2581 493 2662 „Quod
523 2583 571 2646 ibi
600 2583 692 2660 dixit,
717 2584 777 2664 qui
799 2583 942 2646 secundo
966 2588 1065 2645 vento
1091 2586 1204 2644 vectus
1229 2586 1277 2644 est

154 2706 350 2789 Tranquillo
385 2709 488 2770 mari:
524 2713 663 2770 ventum
696 2707 878 2790 gaudeo''‚”
911 2714 944 2771 et
974 2708 1009 2770 in
1043 2707 1129 2770 libro
1151 2706 1276 2769 Rerum

154 2834 230 2895 Div.
255 2833 294 2895 cf.
326 2832 412 2916 Aug.
444 2829 521 2896 cb.
553 2833 611 2911 IV,
644 2835 702 2897 ll:
731 2834 888 2912 „Praesit
909 2834 1053 2897 fortuitis
1076 2836 1276 2914 voceturque

153 2959 301 3022 Fortuna
335 2993 378 3006 -
413 2960 453 3023 de
487 2978 553 3041 spe,
585 2978 670 3040 quae
702 2959 793 3022 venit
827 2955 992 3035 Venilia’',
1018 2963 1051 3020 et
1075 2976 1176 3037 „spes
1199 2975 1275 3018 cum

153 3082 328 3146 conciliata
359 3102 427 3147 non
463 3083 584 3146 frustra
614 3087 697 3146 esset
724 3090 756 3146 et
779 3081 941 3145 evenisset
966 3082 1133 3165 [Veniliae
1157 3082 1276 3144 sacrifi·

153 3206 343 3288 ca]bantur,
372 3227 475 3289 quam
506 3208 602 3270 deam
633 3227 709 3271 cum
733 3206 889 3289 Neptuno
913 3211 1119 3290 conjungunt
1144 3206 1276 3283 multi’',

155 3333 252 3396 modo
287 3332 391 3415 igitur
424 3332 531 3414 „Spei
562 3328 653 3396 dea'’.
684 3333 736 3395 Ex
765 3333 887 3415 quibus
918 3331 1136 3394 relationibus
1160 3351 1281 3413 quam·

154 3457 203 3518 vis
245 3455 382 3519 variatis
424 3458 585 3539 conjicere
628 3462 739 3519 tamen
783 3457 861 3520 licet
896 3456 1083 3539 Vergilium
1120 3455 1274 3518 Turnum

153 3582 288 3644 divinae
324 3582 421 3644 matri
456 3582 648 3645 subdidisse.
684 3548 821 3645 Accedit
855 3582 942 3665 quod
973 3600 993 3643 a
1024 3587 1162 3663 paterna
1183 3587 1276 3662 parte

152 3724 284 3788 quoque
331 3705 480 3768 familiae
526 3706 666 3768 minime
708 3706 970 3769 contemnendae
1013 3706 1174 3788 ascriptus
1217 3710 1272 3769 est.

152 3828 265 3909 Quum
290 3832 379 3894 enim
406 3829 562 3893 Amatam
587 3831 759 3893 audimus:
785 3831 857 3908 „Et
881 3831 995 3893 Turno
1017 3828 1161 3895 Inachus
1184 3831 1276 3894 Acri-

152 3957 285 4038 siusque
326 3961 444 4038 patres,
485 3957 676 4037 mediaeque
711 3955 900 4035 Mycenae'’‚
937 3963 969 4019 ct
1002 3961 1135 4038 politam
1172 3956 1275 4020 Allec-

152 4085 205 4142 tus
246 4081 311 4142 iter
355 4080 594 4144 describentem
631 4077 703 4157 Vll,
739 4082 821 4142 409:
865 4079 1039 4155 „Audacis
1074 4079 1196 4143 Rutuli
1232 4081 1274 4142 ad

153 4225 276 4281 muros,
311 4225 413 4287 quam
448 4206 570 4268 dicitur
604 4206 721 4268 urbem
758 4204 944 4268 Acrisoneis
976 4202 1090 4268 Danae·
1121 4205 1273 4267 fundasse

152 4328 307 4405 colonis'',
332 4331 495 4411 quomodo
519 4349 594 4392 oum
622 4330 671 4391 his
696 4331 843 4406 Daunus,
868 4329 974 4392 Turni
996 4337 1099 4410 pater,
1121 4333 1272 4413 conjunc-
