2956 5040
698 346 739 408 87

150 551 252 614 maris
275 551 429 617 fluctibus
444 555 581 635 J'actata,
602 553 738 635 perinde
757 555 798 616 ad
813 554 945 617 Italiam
960 555 1113 637 atquead
1125 554 1270 617 insulam

147 673 334 757 Serypbum
364 676 530 759 appellere
563 679 681 759 potuit,
718 681 889 762 majorque
913 678 1019 761 gloria
1043 678 1158 773 Turno
1181 680 1273 742 attri-

149 799 266 864 buitur
295 801 322 863 si
353 801 414 865 illa
440 802 550 866 sedem
575 805 645 885 ejus
668 801 791 866 condit.
815 803 911 866 Talia
935 809 1047 868 alitem
1071 806 1174 887 poetis
1197 824 1271 868 con-

147 941 237 986 cessa
267 931 364 1004 sunt;
388 932 667 992 commentatores
697 938 811 993 autern
836 930 972 993 videant
995 950 1037 993 ne
1060 931 1142 1011 quid
1165 948 1215 992 res
1238 935 1273 993 et

152 1051 318 1115 humanae
349 1056 381 1116 et
412 1052 548 1117 divinae
577 1055 768 1117 detrimenti
799 1055 975 1136 accipiant.
1010 1052 1103 1133 Quae
1129 1054 1162 1116 bi
1186 1073 1273 1117 com·

146 1180 328 1257 posuerunt
354 1179 593 1260 perquiremus,
618 1183 794 1262 postquam
819 1178 921 1243 citavi
947 1180 1033 1242 locos
1056 1179 1159 1241 Plinii
1184 1177 1270 1242 N.H.

145 1298 209 1374 ΙΙΙ,
241 1301 302 1364 57:
334 1300 473 1378 „Ardea
502 1322 522 1365 a
548 1300 674 1381 Danae,
698 1301 808 1367 Persei
835 1309 950 1380 matre,
974 1303 1109 1366 condita
1132 1303 1214 1381 est’',
1239 1307 1272 1366 et

145 1422 285 1504 XXXV,
319 1429 400 1491 139:
433 1428 624 1506 „Artemon
647 1429 780 1512 (pinxit)
806 1431 944 1493 Danaen
970 1429 1170 1491 mirantibus
1196 1447 1270 1492 eam

145 1552 397 1633 praedonibus.”

190 1677 324 1742 Servius
349 1685 466 1742 narrat
486 1681 530 1743 ad
555 1681 639 1745 Aen.
665 1679 742 1758 VII,
768 1680 848 1745 372:
873 1681 1020 1758 „Danae
1044 1680 1162 1744 Acrisii
1187 1681 1272 1763 regis

145 1801 343 1886 Argivorum
375 1805 456 1883 filia,
488 1811 661 1887 postquam
693 1812 742 1868 est
772 1824 792 1867 a
823 1806 904 1868 Jove
927 1803 1055 1881 vitiata,
1079 1811 1269 1886 pateream

143 1929 236 1992 intra
267 1948 377 1993 arcam
412 1930 576 1994 inclusam
607 1930 841 2013 praecipitavit
863 1931 898 1992 in
925 1949 1026 2007 mare,
1051 1948 1138 2013 quae
1161 1931 1271 1993 delata

143 2053 188 2116 ad
210 2054 344 2116 Italiam
368 2055 508 2118 inventa
533 2064 582 2120 cst
603 2074 624 2118 a
647 2057 809 2138 piscatore
834 2074 910 2118 curn
935 2055 1063 2132 Perseo,
1086 2073 1187 2136 quem
1210 2055 1270 2116 illa

144 2178 245 2240 enixa
267 2179 386 2255 suerat,
412 2183 444 2242 et
467 2180 580 2244 oblata
602 2180 672 2263 regi
699 2179 902 2262 [Pilumno],
924 2181 984 2262 qui
1007 2198 1081 2242 earn
1105 2179 1168 2242 sibi
1193 2178 1270 2243 lecit

144 2323 293 2382 uxorem,
325 2325 400 2368 cum
431 2325 499 2388 qua
522 2307 622 2369 etiam
648 2305 793 2368 Ardeam
818 2304 975 2381 condidit,
1000 2323 1021 2366 a
1044 2304 1166 2385 quibus
1188 2304 1269 2366 Tur-

142 2444 228 2493 num
252 2431 325 2494 vult
348 2430 509 2513 originem
535 2426 683 2508 ducere'',
706 2435 739 2493 et
759 2430 875 2505 4122„
886 2430 1044 2511 Magnum
1058 2433 1147 2492 tenet
1159 2428 1268 2492 Ardea

141 2522 275 2632 nomen,
308 2555 392 2618 bene
421 2554 547 2618 allusit.
579 2553 666 2617 Nam
698 2552 860 2632 „ardea'',
885 2554 978 2635 quasi
1002 2551 1155 2630 „ardua”
1179 2552 1268 2616 dicta

140 2685 198 2759 est,
227 2681 251 2742 i.
271 2699 299 2745 e.
326 2697 447 2762 magna
470 2683 502 2742 et
526 2679 664 2755 nobilis;
689 2678 768 2744 licet
791 2679 944 2762 Hyginus
967 2680 1003 2741 in
1027 2676 1152 2740 Italicis
1176 2678 1266 2742 urbi-

142 2805 202 2868 bus
230 2806 275 2868 ab
306 2805 446 2888 augurio
478 2805 550 2867 avis
578 2806 697 2868 ardeae
722 2805 889 2887 (Ardeam)
912 2805 1034 2868 dictam
1059 2805 1153 2867 velit.
1178 2802 1267 2867 Illud

141 2948 288 3012 namque
318 2926 429 2994 Ovidii
452 2931 488 2992 in
514 2930 836 3011 Metamorphosibus
861 2930 1049 2992 fabulosum
1073 2934 1130 3004 est,
1154 2930 1266 2992 ineen-

139 3075 210 3118 sam
233 3055 276 3118 ab
299 3053 468 3118 Annibale
492 3052 628 3138 (Aenea)
656 3054 799 3118 Ardeam
823 3056 859 3116 in
887 3056 971 3118 hanc
991 3073 1087 3117 avem
1111 3073 1267 3118 essecon·

140 3200 282 3245 versam.
319 3181 496 3245 Sciendum
530 3187 642 3244 tamen
676 3180 816 3244 Ardeam
841 3179 909 3243 κατ’
932 3178 1106 3259 ἁντΙΦρκσιν
1127 3180 1262 3256 dictam,

139 3305 225 3386 qnod
249 3305 414 3383 brevitate
436 3324 623 3388 pennarum
647 3305 750 3368 altius
774 3324 842 3367 non
868 3301 988 3369 volat''.

182 3429 386 3510 Pomponius
407 3435 520 3492 antem
546 3429 689 3492 Sabinus
716 3427 792 3507 VII,
819 3429 881 3494 371
908 3428 1163 3510 „Acrisiusque2
1190 3433 1263 3509 post

137 3554 351 3617 commissum
371 3574 390 3616 a
404 3554 487 3618 Jove
499 3562 650 3636 stuprum
664 3554 808 3618 Acrisius
822 3575 880 3618 rex
894 3555 1056 3636 Argorum
1071 3554 1262 3636 indignatus

137 3679 240 3742 filiam
275 3679 413 3742 Danaen
449 3660 586 3760 capsula
618 3679 781 3742 inclusam
817 3680 952 3762 projecit
984 3680 1019 3740 in
1054 3698 1154 3755 mare,
1177 3697 1262 3759 quae

138 3809 231 3867 vecta
254 3808 302 3866 est
325 3805 361 3866 in
384 3793 521 3866 Latium
546 3808 579 3866 et
604 3823 624 3866 a
647 3805 867 3885 piscatoribus
887 3809 1020 3886 accepta
1040 3804 1162 3885 puella,
1175 3823 1262 3885 quae

134 3930 205 4010 jam
228 3934 399 4010 pepererat
421 3929 512 3990 intus
537 3929 706 3992 Perseum.
731 3927 847 3991 Puella
866 3930 943 3992 data
963 3929 1027 3990 fuit
1040 3929 1108 4011 regi
1122 3925 1259 3991 Rutulo·
1297 3965 1299 3968 >

53 4117 58 4127 ,
136 4074 221 4130 rum,
258 4053 325 4135 qui,
363 4055 420 4117 ubi
454 4073 558 4136 genus
592 4054 733 4131 audivit,
768 4053 863 4117 duxit
898 4073 1044 4117 uxorem.
1077 4053 1147 4115 Hac
1178 4053 1259 4115 duce

134 4179 252 4242 Rutuli
277 4178 399 4243 duxere
422 4180 566 4242 Ardeam
589 4180 766 4243 coloniam.
788 4180 896 4243 Ardea
916 4181 1004 4242 dicta
1025 4186 1071 4242 est
1082 4179 1126 4242 ab
1140 4177 1257 4254 Ardea,

137 4303 204 4366 filio
229 4302 357 4381 Ulyssis
381 4307 413 4365 et
435 4300 556 4365 Circes.
581 4302 727 4366 Acrisius
752 4304 814 4366 luit
835 4305 874 4366 de
894 4323 1014 4385 genere
1026 4301 1153 4377 Inachi,
1167 4307 1260 4384 pater
