2956 5040
699 433 739 497 97

211 645 322 713 Donec
349 648 521 726 nescimus,
544 645 618 728 quis
641 646 699 711 ille
717 646 849 710 Sextius
869 646 978 726 fuerit,
991 667 1011 711 a
1024 647 1135 711 Salina
1147 648 1278 726 eitatus,

164 793 230 838 non
255 772 452 838 constituere
474 791 648 855 possumus
668 777 781 836 utrum
802 790 842 836 ex
861 769 1096 856 illaVergilius
1109 773 1278 836 anilleex

162 899 312 982 Vergilio
337 899 492 962 hauserit.
516 897 630 980 Neque
654 897 759 980 liquet
779 898 942 981 quomodo
967 898 1199 979 Amphiaraus,
1224 898 1279 963 eui

158 1024 260 1089 Hom.
281 1022 379 1106 Odys.
400 1021 469 1102 XV,
484 1026 565 1086 248:
587 1072 606 1101 „
618 1026 667 1087 τοῦ
682 1022 913 1109 (Ἀμφιαράου)
928 1023 954 1087 δ’
967 1023 1035 1096 υἱεῖς
1047 1022 1171 1101 ἐγένοντ’
1184 1024 1278 1088 Ἀλκ-

158 1149 258 1226 μαίων
280 1146 473 1231 Ἀμφίλοχός
493 1149 557 1222 τε,”
578 1150 657 1214 duos
668 1150 753 1214 filios
764 1151 867 1233 igitur
880 1152 1005 1230 tribuit,
1021 1153 1119 1216 trium
1133 1152 1278 1215 filiorum

158 1281 259 1359 pater
282 1273 385 1339 faetus
407 1276 459 1354 sit,
484 1293 591 1358 neque
615 1276 779 1358 quomado
803 1280 837 1340 et
860 1277 1030 1355 Alcmena,
1053 1278 1093 1341 de
1114 1296 1179 1360 quo
1203 1275 1278 1359 legi-

158 1421 240 1464 mus
264 1401 351 1483 apud
375 1400 524 1482 Thucyd.
548 1397 593 1479 II,
619 1399 700 1464 102:
720 1399 801 1479 ,,καί
821 1399 1010 1474 κατοικισόείς
1033 1399 1209 1486 (Ἀλκμέων
1228 1405 1280 1467 τοῦ

158 1523 361 1613 Ἀμφιάρεω)
388 1525 417 1597 ἐς
440 1523 507 1597 τοὺς
529 1522 593 1605 περὶ
617 1524 760 1598 otiatur
779 1525 882 1598 τόπους
901 1525 1090 1591 ἔδυνοίστευσέ
1108 1550 1141 1618 τε
1161 1524 1213 1590 καί
1225 1525 1280 1590 ἀπ’

158 1650 345 1732 Ἀκαρνᾶνος
368 1651 471 1723 παιδὸς
495 1651 598 1716 ἑαυτοῦ
621 1658 674 1726 τῆς
696 1651 796 1733 χώρας
818 1651 871 1725 τὴν
893 1652 1059 1731 ἐπωνυμίαν
1077 1652 1280 1731 ἐγκατέλιπεν,

158 1777 205 1842 τόν
230 1775 286 1856 μὲν
308 1776 372 1858 περὶ
392 1776 571 1856 ’Ἀλκμέωνα
588 1782 712 1844 τοιαῦτα
730 1778 878 1857 λεγόμενα
889 1779 1117 1861 παρελοίβομεν”
1129 1781 1280 1864 apudque

159 1907 360 1992 Apollodor.
380 1907 438 1985 III,
465 1908 492 1986 7,
515 1909 551 1969 2:
572 1901 625 1984 „oi
641 1905 673 1970 δὲ
684 1905 815 1984 ἡγεμόνα
828 1907 1022 1985 Ἀλκμαίωνα
1034 1905 1160 1985 ἑλόμενον
1173 1906 1281 1984 Θήβας

158 2030 336 2110 ἐπολέμουν.
363 2026 437 2105 ἦσαν
460 2031 491 2095 δὲ
515 2031 539 2095 οἱ
561 2033 778 2112 στρατευόμενον
801 2030 870 2107 οἵδε,
895 2032 1068 2112 Ἀλκμαίων
1091 2031 1142 2098 καί
1162 2032 1280 2115 Ἀμφί-

158 2171 258 2238 λοχος
270 2156 493 2239 Ἀμφιαροίου”,
506 2165 539 2222 et
551 2158 797 2243 Amphilochus,
811 2159 850 2224 ef.
863 2161 1011 2242 Thueyd.
1021 2160 1063 2238 11,
1075 2163 1114 2222 68
1126 2186 1133 2225 :
1146 2157 1279 2240 »Ἀργος

158 2285 198 2349 τὸ
234 2284 457 2366 Ἀμφιλοχικὸν
491 2281 542 2347 καί
573 2282 783 2364 Ἀμφιλοχίαν
813 2282 866 2357 τὴν
896 2281 991 2358 όιλλνρν
1020 2281 1115 2348 ἔκτισε
1139 2283 1218 2362 μετόν
1241 2283 1281 2348 τόν

158 2408 286 2491 Τρωϊκόν
319 2405 415 2473 οἴκαδε
449 2408 647 2490 ἀναχωρήσας
681 2405 733 2473 καί
768 2410 817 2473 οὐκ
845 2408 1035 2489 οίρεσκόμενος
1064 2417 1101 2491 τῇ
1124 2410 1153 2474 ἐν
1176 2407 1280 2490 Ἀργει

158 2533 351 2600 καταοτοίσει
381 2533 575 2615 Ἀμφίλοχος
606 2534 619 2598 ό
642 2531 816 2616 Ἀμφιάρεω
839 2535 868 2599 ἕν
891 2535 930 2615 τῷ
953 2535 1148 2617 Ἀμπρακικῷ
1172 2534 1279 2616 κόλπῳ,

159 2662 321 2741 όμόνυμον
351 2670 387 2744 τῇ
419 2661 523 2759 ἑαυτοῦ
553 2660 673 2742 πατρίδι
702 2659 813 2744 ’Ἀργος
842 2661 1010 2741 όνομασας”
1037 2683 1054 2728 e
1084 2663 1221 2729 Graecia
1245 2664 1280 2726 in

162 2789 302 2854 Italiam
328 2790 553 2872 migraverint.

211 2915 257 2979 Ut
292 2915 326 2977 in
363 2912 436 2977 aliis
468 2913 548 2978 loeis
580 2914 628 2978 ita
662 2911 713 2981 hie
746 2933 880 2999 quoque
914 2915 1104 2998 Vergiliana
1135 2913 1279 2996 fingendi

163 3040 306 3104 facultas
330 3041 413 3103 mihi
437 3060 597 3105 novarum
623 3041 808 3106 fabularum
835 3047 940 3106 mater
963 3040 1062 3106 fuisse
1087 3041 1227 3106 videtur.
1265 3066 1269 3075 ·

692 3568 761 3644 IX.

604 3764 852 3837 Gaetulus.

217 4171 264 4236 De
301 4171 441 4238 Caecula
478 4177 511 4239 et
542 4173 581 4238 de
611 4176 784 4240 Praeneste
816 4177 955 4260 legimus
978 4178 1060 4262 apud
1085 4175 1180 4260 Verg.
1206 4176 1281 4256 VII,

175 4297 253 4359 678:
290 4297 387 4374 „Nee
422 4300 654 4363 Praenestinae
688 4300 839 4364 fundator
868 4303 972 4366 defuit
1002 4302 1104 4381 urbis,
1129 4301 1278 4367 Volcano

171 4425 320 4505 genitum
354 4444 472 4506 pecora
505 4426 591 4490 inter
620 4427 760 4509 agrestia
791 4447 899 4512 regern
930 4426 1177 4512 inventumque
1201 4430 1280 4516 facis

1168 4552 1183 4603 7
