2956 5040
715 389 754 449 26

175 592 213 673 V,
247 596 308 658 111
337 597 425 678 quod
448 601 616 678 praeterea
639 616 656 660 e
683 595 886 659 solemnibus
911 595 1011 658 sacris
1033 594 1082 658 ibi
1107 593 1301 658 66666611-

175 721 235 784 bus
264 720 545 802 dictatoribusque
577 721 671 783 saetis
703 725 847 802 apparet,
872 717 911 783 ei.
939 719 1084 782 Macrab.
1108 716 1157 780 III
1185 721 1215 796 4,
1246 718 1300 780 11.

175 846 283 909 Valer.
308 846 384 908 Max
409 843 435 922 Ι,
461 847 513 924 67,
534 863 738 928 quamquam
760 862 876 907 revera
896 842 983 905 Alba
1002 841 1115 925 Longa
1127 839 1301 923 antiquior

175 974 256 1045 erat,
280 968 371 1051 cnjus
394 968 501 1051 gloria
525 973 637 1033 tamen
661 969 770 1051 periit,
790 969 881 1050 quia,
905 967 1035 1030 foedere
1047 966 1166 1030 Latino
1180 966 1299 1042 soluto,

174 1092 353 1155 Lavinium
377 1094 484 1157 solum
513 1093 706 1157 memoriam
733 1092 896 1156 Penatum
921 1096 1121 1169 servaverat,
1141 1090 1199 1175 qui
1221 1089 1301 1153 Tro-

172 1216 259 1299 janis
301 1218 481 1280 Penatibus
520 1217 668 1281 adductis
706 1217 856 1279 fortiores
895 1214 975 1278 facti
1014 1214 1154 1278 Penates
1194 1213 1302 1276 Albae

175 1342 305 1424 Longae
335 1346 584 1422 superaverant.
612 1339 666 1404 Gt·
685 1340 746 1402 Liv
772 1337 809 1417 V,
835 1341 886 1415 62,
912 1339 1010 1402 Dion.
1034 1338 1075 1414 V,
1101 1338 1153 1399 12.
1177 1335 1228 1399 Ad
1252 1337 1303 1399 Si·

176 1465 287 1528 ciliam
313 1466 505 1547 praesertim
531 1466 619 1547 apud
641 1472 787 1529 montem
808 1464 949 1544 Erycem
971 1462 1162 1546 Aphrodite,
1174 1462 1302 1545 passim

174 1587 243 1671 jam
274 1586 390 1659 Αἰνείας
421 1572 654 1671 cognominata
684 1594 717 1650 61
739 1587 781 1650 66
805 1587 906 1650 Maris
929 1583 1059 1649 Interni
1084 1586 1197 1649 littora
1220 1585 1304 1649 6616

178 1713 281 1791 brata,
316 1732 334 1776 e
368 1714 466 1795 Troja
501 1719 534 1776 et
565 1711 643 1775 Asia
673 1713 835 1794 pervenit.
868 1709 916 1774 Cf.
941 1709 1037 1774 Dion.
1061 1709 1088 1787 1,
1114 1711 1165 1772 62.
1190 1709 1303 1773 Strab.

180 1834 271 1914 VIII,
300 1856 351 1919 pg.
377 1836 451 1898 608.
478 1836 572 1918 Verg.
598 1835 678 1900 Aen.
704 1837 745 1912 V,
772 1836 844 1900 759.
868 1835 1021 1918 Tempus,
1045 1854 1111 1917 quo
1134 1833 1305 1918 Trojanae

178 1959 298 2042 origini
329 1960 456 2023 Romae
486 1960 562 2023 fides
594 1960 707 2023 habita
738 1965 785 2022 est
815 1959 952 2036 Preller·,
983 1958 1030 2035 11.,
1056 1977 1087 2040 p.
1113 1959 1187 2036 615,
1211 1958 1306 2022 inter

178 2085 336 2148 Latinum
380 2090 412 2148 61
454 2085 601 2167 primum
637 2083 802 2147 Punicum
840 2083 962 2147 bellum
998 2082 1102 2163 ponit.
1137 2081 1190 2142 Ex
1225 2080 1305 2174 odio

178 2208 381 2272 Graecorum
419 2210 481 2271 hac
514 2209 549 2270 in
580 2208 693 2272 fabula
724 2227 884 2291 expresso,
916 2207 1057 2289 suspicio
1090 2208 1122 2270 ei
1152 2206 1307 2270 oboritur

180 2333 265 2397 bello
289 2352 365 2396 cum
391 2333 534 2395 Tarento
558 2333 750 2414 Pyrrhoque
775 2333 810 2396 id
833 2333 957 2395 sactum
978 2350 1056 2395 esse.

222 2455 364 2535 Rubino,
386 2455 444 2540 qui
467 2458 542 2522 coll.
568 2458 675 2521 Strab.
700 2453 757 2535 VI,
779 2477 831 2540 pg.
855 2458 928 2537 266,
943 2457 1091 2519 Athenae
1103 2454 1220 2519 Iliadis
1233 2456 1307 2519 cul·

180 2588 254 2645 tum
276 2600 407 2664 quoque
429 2579 559 2644 fabulae
583 2581 622 2645 de
646 2582 758 2645 Aenea
782 2582 942 2646 vehiculis
965 2572 1177 2660 annumerat,
1197 2583 1306 2668 inpri-

181 2707 245 2769 mis
264 2707 443 2770 secundum
465 2706 617 2769 tabulam
630 2702 769 2768 Iliacam
782 2707 928 2771 fabulam
945 2706 1048 2772 multo
1061 2709 1227 2771 maturius
1240 2708 1306 2774 Ro-

182 2849 271 2892 mam
293 2830 477 2913 perveuisse
498 2829 677 2893 contendit.
697 2827 857 2893 Carmina
881 2831 1066 2909 Homerica,
1087 2832 1201 2914 priscis
1222 2837 1308 2896 tem·

182 2955 318 3036 poribus
341 2954 464 3035 ubique
483 2956 554 3037 jam
577 2954 781 3033 circumlata,
805 2975 929 3020 nomen
952 2954 1081 3019 Aeneae
1102 2952 1305 3018 6611611661

183 3079 305 3155 tulisse,
338 3078 484 3142 Aeneam
515 3080 640 3162 ubique
670 3081 808 3157 cultum,
840 3082 964 3163 ubique
993 3081 1114 3144 fabulis
1145 3085 1305 3144 ornatum

183 3203 272 3281 dicit,
312 3222 330 3266 e
364 3204 486 3285 quibus
520 3202 649 3281 fabulis,
684 3204 823 3285 singuiis
857 3204 938 3268 locis
972 3206 1124 3282 narratis,
1158 3204 1306 3268 secundo

184 3330 311 3392 Romae
333 3329 475 3423 saeculo
489 3329 612 3406 fabula,
637 3330 691 3393 cui
710 3329 780 3411 jam
802 3334 1036 3412 argumentum
1057 3329 1305 3411 quodammodo

184 3458 310 3517 certum
335 3459 369 3517 et
392 3458 546 3519 constans
569 3473 635 3517 non
656 3455 812 3537 denegari
832 3459 945 3537 potest,
968 3454 1147 3532 emanavit,
1161 3454 1200 3518 cf.
1213 3453 1305 3518 auo.

51 3634 54 3639 ,
184 3596 236 3660 pg.
261 3577 314 3638 81.

230 3700 426 3782 Schwegler,
459 3701 620 3782 originem
654 3701 788 3765 fabulae
812 3706 966 3779 tractans,
991 3701 1139 3764 Aeneam
1163 3699 1306 3765 Penates

185 3824 342 3906 Trojanos
365 3830 550 3888 servantem
574 3830 607 3889 et
626 3826 667 3889 ad
687 3822 819 3888 Italiam
840 3826 1025 3903 ducentem,
1045 3826 1211 3907 insignem
1223 3826 1306 3890 facit

185 3947 210 4023 I,
244 3947 318 4010 626.
348 3948 443 4011 Η666
466 3950 507 4012 66
529 3967 662 4011 oausam
687 3949 834 4013 Aeneam
860 3950 995 4012 Lauinii
1018 3955 1187 4033 receptum
1210 3950 1304 4014 dicit.

185 4071 274 4152 Quia
307 4073 447 4137 Penates
481 4073 664 4137 adduxerat
696 4076 732 4136 in
767 4073 902 4137 Larium
938 4074 1019 4137 urbe
1053 4074 1214 4138 benevole
1248 4094 1302 4138 ex-

186 4201 297 4278 ceptus
319 4200 377 4275 est,
400 4216 453 4278 pg.
480 4197 554 4259 619.
577 4196 741 4261 Fabulam
764 4198 923 4262 Aeneiam
943 4203 977 4260 et
995 4199 1116 4262 fabulis
1136 4197 1303 4277 Cumanis,

187 4341 239 4405 pg.
276 4321 337 4384 621
374 4342 408 4384 6.
444 4324 473 4398 9,
508 4328 541 4385 61
576 4321 771 4404 Aphrodites
806 4322 909 4400 cultu,
946 4322 1072 4386 Ardeae
1106 4322 1303 4406 Laviniique
