2956 5040
699 369 759 431 lm

183 572 287 649 Χαλκῷ
311 571 451 645 τυτῶτας
473 572 523 637 να)
540 572 647 638 τέκνων
666 573 889 655 νλανυτρόφαν.
911 573 1027 652 Δείμας
1041 573 1073 638 δὲ
1084 573 1171 647 σηκὸν
1183 572 1302 656 Μυνδίῳ

182 697 357 771 Παλληνίδι,
377 698 492 778 Πατρεῖ
512 697 676 776 ἀγάλματ’
694 699 979 777 apocatasticus?
993 701 1092 783 Apud
1105 699 1144 781 Q.
1157 699 1299 764 Fabium

183 819 344 884 Pictorem
388 823 439 905 (cf.
476 824 605 888 Krousa
640 844 692 907 pg.
730 826 802 908 62):
836 872 855 903 „
866 822 935 906 Περὶ
965 821 996 887 δὲ
1028 829 1081 895 τῆς
1112 821 1301 902 προσηγορίας

182 939 296 1014 ταύτης
325 943 445 1023 Φάβιος,
474 944 567 1016 dude
592 947 742 1025 Ῥωμαίων
766 943 884 1028 πράξεις
906 945 1099 1026 ἀναγράψας,
1122 945 1222 1017 ἄλλως
1246 968 1301 1023 με·

182 1064 371 1144 μνθυλόγηκε·
391 1068 469 1151 φησι
490 1069 547 1152 γὰρ
567 1070 668 1153 Αἰνείᾳ
683 1069 816 1149 γενέσθαι
827 1069 933 1148 λόγιον,
945 1068 1105 1151 τετράπουν
1116 1069 1198 1149 αὐτῷ
1210 1069 1300 1142 καθα·

181 1189 330 1268 νήτασθαι
351 1196 417 1271 πρὸς
439 1195 531 1260 κτίσιν
554 1193 674 1268 πόλεως,
698 1193 858 1272 μέλλοντος
877 1193 902 1258 δ’
920 1195 1012 1257 αὐτοῦ
1032 1192 1113 1266 θύειν,
1134 1187 1167 1255 ὗν
1187 1189 1300 1269 ἔγκυον,

181 1316 221 1395 τῷ
251 1317 391 1397 χρώματι
420 1319 533 1393 λευκήν·
564 1319 707 1401 ἐκφυγεῖν
739 1317 770 1383 δὲ
799 1319 832 1382 ἐκ
861 1321 917 1383 τῶν
940 1320 1042 1399 χειρῶν
1065 1314 1117 1380 καὶ
1142 1316 1299 1395 διωχθῆναι

182 1442 249 1521 τρός
280 1465 345 1506 τινα
374 1442 473 1524 λόφον,
502 1447 570 1525 πρὸς
601 1439 622 1525 ᾧ
652 1447 841 1523 νομισθεῖσαν
869 1451 963 1508 τεκεῖν
993 1443 1022 1506 λ’
1050 1442 1172 1522 χείρους.
1197 1442 1246 1506 τὸν
1269 1441 1301 1506 δὲ

181 1568 296 1632 Αἰνείαν
320 1566 355 1633 τό
376 1592 410 1633 τε
433 1568 592 1650 παράδοξον
616 1568 825 1648 θαυμάσαντα
849 1567 953 1633 καὶτὸ
974 1565 1299 1646 λόγιινιὶνανευύμενυν,

180 1694 362 1774 ἐπιχειρῆσαι
385 1694 440 1771 μὲν
465 1695 574 1768 οἰκῆται
597 1696 644 1760 τὸν
667 1694 765 1759 τόπον·
788 1692 886 1758 ἰδόντα
910 1694 941 1757 δὲ
960 1692 1041 1757 κατα
1060 1693 1108 1757 τὸν
1128 1690 1215 1757 ὕτνυν
1234 1690 1301 1773 ὄψιν

180 1818 305 1898 ἐναργῶς
336 1816 561 1891 διακυλύυυσαν,
584 1818 637 1883 καὶ
664 1817 925 1896 συμβιυλεύιυσαν
948 1816 1029 1895 μετὰ
1051 1816 1079 1880 λ’
1109 1815 1159 1889 dra
1184 1815 1300 1896 κτίζειν,

180 1941 300 2022 ὅσουπερ
323 1942 337 2005 ὅ
360 1945 416 2007 τῶν
432 1941 593 2021 τεχθέντων
610 1942 728 2023 ἀριθμὸς
749 1937 792 2015 ἦν,
813 1943 978 2013 ἀντιστῆναι
998 1940 1033 2013 δὴ
1046 1949 1099 2014 τῆς
1112 1939 1300 2021 τριθέσευς.”

180 2068 302 2132 Narrat
330 2069 366 2131 L.
399 2067 537 2132 Cincius
560 2069 749 2133 Alimentus
775 2069 827 2150 (cf.
851 2069 978 2132 Krause
1001 2088 1054 2151 pg.
1082 2068 1156 2151 73J:
1180 2064 1302 2142 „Post-

182 2196 261 2258 baec
294 2194 456 2257 Ascanius
487 2193 660 2276 completis
681 2195 716 2256 in
741 2195 884 2257 Lavinio
908 2194 1044 2276 triginta
1067 2193 1174 2270 annis,
1198 2211 1303 2256 recor·

180 2318 277 2382 datus
299 2337 407 2383 novae
431 2319 522 2382 urbis
547 2318 735 2382 condendae
758 2324 889 2401 tempus
911 2319 1081 2382 advenisse
1101 2336 1141 2382 ex
1161 2336 1301 2381 numero

179 2463 365 2525 porcorum,
389 2461 471 2524 quos
493 2449 665 2525 pepererat
684 2463 739 2506 sus
757 2444 843 2520 alba,
865 2443 1110 2526 circumspectis
1128 2443 1302 2525 diligenter

178 2568 331 2629 finitimis
353 2567 557 2649 regionibus,
581 2568 769 2649 speculatus
795 2574 942 2632 montem
966 2567 1104 2645 editum,
1127 2567 1185 2649 qni
1210 2586 1300 2630 nunc

178 2694 220 2756 ab
243 2712 282 2756 ea
310 2694 401 2768 urbe,
426 2711 511 2775 quae
536 2694 571 2754 in
597 2712 635 2756 eo
660 2693 794 2756 condita
818 2700 876 2771 est,
902 2693 1054 2755 Albanus
1076 2697 1299 2774 nuncupatur,

178 2818 351 2882 civitatem
383 2817 590 2895 communit3
615 2835 756 2900 eamque
781 2837 822 2880 ex
846 2819 962 2894 forma,
986 2817 1074 2899 quod
1098 2817 1147 2879 ita
1169 2817 1206 2878 in
1229 2815 1300 2879 lon·

178 2962 257 3025 gum
289 2948 439 3025 porrecta
470 2952 528 3020 est,
562 2943 719 3024 Longam,
745 2962 786 3005 ex
809 2943 916 3006 colore
939 2942 1017 3020 suis,
1042 2941 1161 3003 Albam
1185 2960 1300 3023 cogno·

179 3064 352 3130 minavit.'’
374 3067 472 3149 Apud
497 3068 651 3131 Servium
675 3069 868 3129 invenimus
888 3068 930 3130 ad
949 3066 1032 3130 Aen.
1045 3066 1071 3143 I,
1087 3065 1167 3127 273:
1189 3062 1300 3141 „Cato

178 3193 224 3254 ait
248 3193 385 3275 triginta
408 3193 507 3254 annis
526 3191 666 3273 expletis
687 3211 762 3254 eum
786 3191 906 3254 Albam
921 3189 1133 3267 condidisse’',
1146 3191 1301 3272 apudque

178 3315 360 3378 Diomeden
384 3315 408 3391 I,
433 3333 487 3396 pg.
512 3314 594 3376 379:
618 3315 721 3391 „Hoc
745 3316 793 3376 ita
815 3313 956 3376 affirmat
977 3314 1037 3377 hoc
1057 3315 1152 3377 modo
1171 3312 1301 3377 Cassius

178 3435 323 3502 Hemina
358 3440 393 3500 in
429 3438 573 3502 secundo
608 3435 852 3500 Historia-rum:
881 3438 1056 3500 Pastorum
1082 3437 1205 3518 vulgus
1228 3437 1300 3500 sine

177 3565 388 3628 contentione
419 3563 662 3638 consentiendo,
694 3562 924 3643 praefecerunt
952 3561 1137 3643 aequaliter
1159 3561 1299 3643 imperio

177 3688 321 3751 Remum
345 3694 377 3750 et
400 3687 595 3763 Romulum,
620 3688 669 3749 ita
693 3692 731 3749 ut
750 3686 790 3749 de
810 3705 912 3767 regno
931 3704 1026 3767 pares
1038 3687 1171 3748 interae
1183 3691 1299 3748 essent.

177 3813 359 3876 Monstrum
391 3813 444 3888 fit;
477 3830 532 3874 sus
563 3813 650 3893 parit
675 3830 790 3892 porcos
816 3811 970 3893 triginta3
995 3813 1089 3893 cujus
1112 3812 1158 3873 rei
1183 3809 1298 3873 fanum

177 3937 325 4000 fecerunt
347 3937 487 3999 Laribus
512 3934 779 3999 Grundulibus.’'
804 3935 909 3997 Varro
933 3933 1046 3997 scribit
1064 3934 1139 3997 L.L.
1154 3934 1194 4009 V,
1217 3934 1300 3996 144:

176 4063 293 4138 „Hinc
329 4062 361 4139 (i.
387 4080 414 4122 e.
447 4060 597 4137 Lavinio)
632 4050 715 4140 post¹
735 4059 872 4141 triginta
904 4078 1008 4121 annos
1040 4057 1194 4140 oppidum
1219 4058 1298 4122 alte·

175 4207 248 4249 rum
282 4185 463 4262 conditum,
496 4184 602 4260 Alba3
636 4183 667 4247 id
698 4185 740 4247 ab
772 4203 828 4246 sue
860 4184 938 4247 alba
962 4184 1183 4247 nominatum.
1208 4183 1299 4246 Haec

176 4331 194 4374 e
216 4312 298 4373 navi
324 4311 457 4373 Aeneae
480 4329 582 4392 quom
606 4309 742 4390 fugisset
764 4309 954 4384 Lavinium,
976 4309 1113 4389 triginta
1132 4309 1218 4389 parit
1229 4328 1299 4391 por·
