2956 5040
721 423 761 488 97

236 638 345 705 Donec
371 640 544 716 nescimus,
568 636 641 720 quis
664 637 721 701 ille
739 636 872 700 Sextius
892 636 1000 714 fuerit,
1013 655 1034 698 a
1047 635 1158 700 Selino
1170 637 1300 714 citatus,

189 786 255 829 ncn
279 764 475 830 constituere
497 782 671 847 passumus
691 767 803 826 utrum
825 781 865 825 ex
883 759 1119 844 illcVergilius
1132 761 1299 825 anilleex

189 890 335 974 Vergilio
360 890 515 953 hauserit.
539 887 653 970 Neque
677 888 782 970 liquet
801 888 965 970 quomoda
990 881 1227 968 Amphiaraus
1247 886 1302 950 cui

188 1017 283 1081 Hom.
304 1013 402 1099 Odys.
423 1012 492 1093 XV,
507 1016 587 1077 248:
610 1062 629 1092 „
642 1016 690 1077 τοῦ
705 1011 936 1099 (Ἀμφιαροίου)
951 1013 977 1077 δ’
990 1013 1058 1085 vicie
1070 1010 1193 1089 ἐγένοντ’
1207 1012 1300 1076 Ἀλκ-

190 1141 282 1219 μαίων
303 1138 496 1222 Ἀμφίλοχός
516 1139 580 1212 τε,”
601 1140 776 1204 ducsfilics
788 1140 890 1223 igitur
903 1141 1028 1218 tribuit,
1044 1141 1143 1204 trium
1155 1140 1300 1204 filiorum

191 1273 282 1351 pater
305 1265 408 1330 iactus
431 1267 483 1346 sit,
508 1284 615 1349 neque
638 1267 802 1349 quomodo
827 1271 860 1330 et
884 1266 1053 1343 Alcmecn,
1076 1266 1116 1329 de
1137 1284 1202 1347 quc
1226 1263 1301 1347 legi-

193 1413 264 1456 mus
287 1393 374 1475 apud
398 1392 547 1473 Thucyd.
572 1387 617 1469 ΙΙ,
643 1387 1033 1469 1ου;,,κωικντωκισοεις
1056 1388 1232 1476 (Ἀλκμέων
1251 1392 1303 1455 τοῦ

191 1515 385 1604 Ἀμφιοίρεω)
412 1517 441 1588 ἒς
464 1514 530 1588 τοὺς
553 1512 616 1595 περί
642 1514 783 1588 Οίνικόας
802 1514 906 1588 τόπους
924 1513 1113 1580 ἐδυνόστευσέ
1131 1539 1164 1579 τε
1184 1511 1236 1579 καί
1248 1513 1303 1579 ἆτ’

193 1643 369 1724 Ἀκαρνόινος
392 1642 495 1714 παιδός
519 1641 622 1706 ἑαυτοῦ
645 1648 698 1716 τῆς
720 1641 819 1722 χώρας
842 1641 894 1715 τὴν
916 1641 1082 1720 ἐπωνυμίαν
1101 1639 1303 1719 ἐγκατέλιπεν,

193 1769 231 1834 τόν
254 1767 310 1848 μὲν
332 1767 396 1850 περὶ
415 1766 595 1846 Ἀλκμέωνα
613 1771 735 1832 τοιαῦτα
754 1767 902 1846 λεγόμενα
913 1768 1141 1849 παρελόβομεν”
1153 1769 1304 1852 apudque

198 1898 384 1983 Apollodor.
404 1898 462 1976 III,
489 1898 516 1975 7,
540 1899 575 1959 2:
596 1945 614 1974 ‚,
625 1891 649 1960 οί
666 1894 697 1960 δὲ
708 1895 839 1974 ἡγεμόνα
852 1894 1046 1973 Ἀλκμαίωνα
1058 1893 1184 1973 ἑλόμενοι
1197 1893 1304 1972 Θήβας

195 2021 361 2102 ἐπολέμουν.
387 2017 461 2097 ἦσαν
484 2021 516 2086 δὲ
539 2021 563 2086 οἱ
585 2022 802 2102 στρατευόμενον
825 2019 894 2096 οἵδε,
918 2021 1092 2100 Ἀλκμαίων
1115 2019 1166 2086 καί
1186 2019 1304 2102 Ἀμφί-

196 2163 282 2230 λοχος
294 2147 517 2231 Ἀμφιαροίον”,
531 2154 563 2213 et
576 2149 821 2233 Amphilochus,
835 2148 874 2213 cf.
888 2149 1035 2232 Thucyd.
1045 2149 1087 2227 II,
1099 2151 1138 2210 68
1151 2174 1157 2212 :
1170 2144 1303 2228 »Ἄρρος

195 2277 225 2341 τό
259 2276 482 2357 Ἀμφιλοχικὸν
516 2272 567 2338 καί
597 2272 808 2355 Ἀμφιλοχίαν
838 2271 891 2346 τίον
920 2270 1015 2346 όολλκν
1044 2270 1140 2337 ἔκτισε
1163 2271 1243 2350 μετόν
1265 2269 1305 2336 τόν

196 2399 310 2482 Τρωίκόι
343 2396 440 2465 οίκαόε
474 2398 672 2480 ἀναχωρήσας
706 2396 758 2462 καί
792 2399 841 2463 οὐκ
871 2397 1059 2479 ἀρεσκόμενος
1089 2406 1126 2479 τῇ
1148 2399 1177 2462 ἐν
1200 2394 1304 2479 ’Ἀργει

195 2524 376 2593 καταστοίσει
406 2523 600 2606 Ἀμφίλοχος
631 2525 644 2588 ό
667 2521 841 2606 Ἀμφιοίρεω
864 2525 893 2588 ἐν
916 2524 955 2604 τῷ
978 2523 1172 2605 Ἀμτρακικῷ
1197 2522 1304 2604 κόλπῳ,

195 2654 346 2733 όμόνυμον
376 2661 412 2735 τῇ
444 2653 549 2751 ἑαυτοῦ
578 2651 697 2732 πατρίδι
727 2649 837 2734 ’Ἀρρος
867 2649 1035 2729 όνομασας”
1062 2671 1079 2716 e
1109 2652 1246 2717 Graecia
1269 2651 1305 2714 in

192 2778 326 2847 Italiam
353 2781 578 2863 migraverint.

235 2907 282 2971 Ut
316 2907 352 2968 in
388 2905 462 2968 aliis
493 2905 573 2970 loeis
606 2904 653 2967 ita
687 2902 739 2968 hic
771 2923 905 2987 quaque
940 2903 1130 2987 Vergiliana
1160 2901 1304 2984 fingendi

185 3029 331 3096 facultas
355 3032 438 3095 mihi
462 3051 622 3095 novarum
648 3031 834 3095 fabularum
860 3037 965 3094 mater
988 3030 1087 3094 fuisse
1113 3029 1251 3094 videtur.
1290 3054 1294 3061 ·

718 3558 787 3633 IX.

631 3754 878 3826 caeculus.

245 4163 291 4229 De
327 4162 468 4229 Caeculc
505 4168 538 4229 et
569 4165 608 4229 de
638 4165 810 4230 Praeneste
842 4166 982 4249 legimus
1004 4167 1087 4252 apud
1111 4163 1206 4249 Verg.
1232 4164 1307 4244 VII,

178 4277 280 4351 678:
317 4289 414 4367 „Nec
449 4291 681 4354 Praenestinae
714 4291 866 4354 fundator
894 4292 998 4355 defuit
1028 4292 1130 4368 urbis,
1156 4289 1305 4355 Volcano

175 4416 346 4485 genitum
381 4436 499 4499 pecora
532 4417 617 4480 inter
647 4416 787 4499 agrestia
818 4436 927 4501 regern
956 4414 1204 4500 inventumque
1227 4417 1306 4504 facis

1195 4541 1210 4592 7
