2956 5040
817 390 857 454 tt

273 596 457 670 sationibus
499 597 829 680 derivationibusque
872 599 1099 662 subtilissimis
1136 601 1287 664 munivit
1326 621 1394 664 non

272 723 383 791 tamen
419 720 517 782 unius
553 721 733 784 testimonii
771 721 905 798 indioIo,
937 741 1002 806 quo
1033 721 1134 785 talem
1166 725 1395 805 conjecturam

272 842 380 911 faeere
403 844 510 907 lleeat.

314 965 401 1048 Quid
433 968 630 1031 Merkelium
662 970 709 1048 (in
733 969 907 1032 Fastorum
931 959 1040 1033 Ovidii
1063 969 1310 1052 prolegomenis
1337 989 1393 1053 pg.

271 1093 331 1156 loe
346 1096 435 1174 sqq),
472 1099 509 1156 ut
541 1093 696 1157 Evandro
725 1093 814 1156 inter
837 1093 913 1156 deos
937 1112 958 1155 a
981 1093 1131 1157 Varrone
1154 1099 1257 1156 oertos
1282 1094 1392 1156 diotos

270 1217 378 1289 locum
421 1218 523 1295 daret,
559 1221 762 1300 permoverit
808 1238 860 1281 me
895 1238 960 1281 non
998 1218 1184 1300 intelligere
1220 1219 1395 1285 confiteor.

271 1341 358 1410 Nam
384 1343 441 1405 hos
463 1347 567 1405 oertos
590 1343 666 1405 deos
692 1347 835 1405 tractans
861 1341 949 1422 (ibid.
970 1360 1022 1425 pg.
1046 1342 1119 1423 185)
1139 1341 1286 1423 primum
1309 1343 1397 1425 frag-

274 1472 424 1528 mentum
449 1466 539 1529 Libri
562 1465 643 1528 XIV
667 1465 749 1528 eitat
771 1485 790 1528 e
810 1465 922 1529 servio
943 1463 1026 1528 Aen.
1050 1462 1142 1542 VIII,
1156 1465 1236 1528 alo:
1256 1465 1395 1542 „Varro

272 1589 352 1654 dicit
374 1590 451 1653 deos
474 1590 556 1653 alios
579 1608 657 1674 esse,
676 1591 734 1671 qui
758 1590 801 1652 ab
825 1591 925 1653 initio
945 1591 1027 1654 oerti
1045 1596 1078 1654 et
1097 1590 1291 1671 sempiterni
1302 1597 1394 1669 sunt,

271 1713 354 1781 alios
387 1715 444 1795 qui
478 1733 519 1777 ex
554 1715 744 1779 bominibus
775 1713 853 1777 laeti
884 1718 978 1789 sunl,
1012 1717 1045 1775 et
1069 1713 1109 1775 de
1134 1713 1183 1774 his
1206 1711 1285 1794 ipsis
1309 1713 1396 1776 alios

271 1857 339 1903 esse
362 1839 517 1920 privatos,
542 1837 625 1901 allos
648 1851 842 1901 eommunes
850 1862 860 1915 3
885 1837 1041 1919 privatos,
1065 1855 1145 1919 quos
1166 1855 1394 1919 unaquaeque

270 1981 349 2045 gens
371 1962 461 2040 oolit,
486 1968 522 2025 ιιι
546 1981 604 2025 nos
627 1959 793 2038 Faunum,
818 1960 969 2023 Thebani
994 1958 1206 2037 Amfiaraum,
1228 1958 1394 2022 Lacedae·

271 2087 374 2151 monii
398 2085 610 2163 Tindareum,
635 2104 837 2161 communes,
863 2102 946 2165 quos
970 2084 1127 2160 universi,
1154 2087 1189 2146 ul
1208 2081 1394 2161 Castorem,

269 2209 450 2287 Pollucem,
480 2209 649 2287 Liberum,
677 2204 885 2272 Hererilem.'’
913 2209 1015 2271 Varro
1039 2226 1115 2290 ergo
1139 2210 1244 2270 oeulos
1268 2208 1394 2289 sempi-

269 2339 443 2415 ternasque
475 2339 507 2396 et
538 2334 742 2397 immortales
773 2352 813 2396 ex
837 2332 1027 2396 hominibus
1049 2332 1151 2397 laotos
1174 2330 1250 2394 deos
1272 2332 1395 2394 distin·

268 2460 328 2521 xit.
360 2456 473 2538 Quum
504 2459 593 2521 enim
629 2459 734 2521 Varro
757 2457 838 2521 dieit
861 2458 1044 2520 secundum
1070 2455 1161 2520 Serv,
1186 2454 1267 2519 Aen.
1296 2457 1390 2533 VHI,

269 2583 328 2644 el:
364 2580 510 2658 „Nonne
545 2581 687 2646 Areades
724 2582 852 2645 exsules
887 2582 1107 2663 oonlugerunt
1136 2581 1173 2643 in
1205 2580 1393 2659 Palatium,

268 2707 351 2769 duoe
373 2706 529 2769 Evandro
537 2704 572 2767 ?''
596 2705 668 2770 luoe
688 2705 810 2770 elarius
830 2705 1024 2768 Evandrum
1037 2704 1153 2769 ducem
1165 2709 1197 2768 et
1210 2706 1391 2769 mortalem

267 2830 446 2907 existimat,
481 2848 580 2911 quem
616 2830 720 2912 igitur
754 2830 782 2891 si
813 2831 900 2892 inter
929 2829 1015 2906 deos,
1038 2829 1179 2911 prolecto
1205 2847 1271 2891 uon
1299 2829 1394 2902 inter

266 2955 342 3017 deos
365 2959 470 3017 certos
492 2955 664 3036 posuisset.

311 3076 434 3158 Quodsi
465 3079 550 3159 quis,
577 3085 613 3140 ut
640 3077 767 3142 Merkel
792 3078 867 3140 lecit
891 3077 972 3159 prol.
996 3096 1049 3159 pg.
1076 3078 1149 3155 las,
1176 3077 1232 3140 ubi
1255 3077 1389 3142 scribit:

266 3198 393 3277 „Venio
414 3221 504 3264 nune
528 3202 703 3283 adipsum
729 3201 812 3263 illud
836 3200 980 3263 alterum
1006 3220 1110 3283 genus
1129 3200 1264 3263 deorum
1285 3208 1391 3266 certo·

266 3344 352 3403 rum,
382 3328 474 3409 eujus
507 3327 678 3407 proprium
712 3331 762 3388 est
794 3325 941 3388 fabulam
977 3324 1096 3388 habere
1120 3325 1176 3387 sed
1198 3325 1388 3406 simplieem

265 3468 324 3512 nee
360 3451 552 3532 ambIguam
589 3450 759 3526 traditam,
792 3456 864 3512 tum
896 3450 1034 3512 nomina
1063 3448 1249 3526 aliusmodi,
1281 3467 1387 3530 quam

264 3573 341 3636 deos
372 3571 738 3654 indigitamentorum'’‚
768 3574 847 3635 haee
873 3573 1049 3653 fragmenti
1072 3572 1172 3654 primi
1198 3571 1300 3635 verba
1328 3573 1390 3636 hoo

267 3696 361 3759 modo
392 3697 486 3776 legit:
515 3695 627 3772 „alios
647 3697 706 3778 qui
730 3716 771 3760 ex
803 3697 993 3760 hominibus
1019 3698 1099 3760 certi
1123 3697 1387 3779 sempiternique

264 3821 343 3883 faeti
377 3818 484 3898 sunt'’‚
520 3839 598 3902 rogo
630 3841 732 3903 quarn
766 3821 809 3884 ob
840 3840 974 3884 oausam
998 3821 1175 3884 contendat
1199 3820 1385 3885 Varronem

263 3945 372 4026 ipsum
404 3944 598 4007 Evandrum
630 3946 718 4008 inter
741 3945 817 4007 deos
841 3945 895 4007 vel
920 3951 1023 4007 oartos
1048 3944 1101 4007 vel
1124 3945 1266 4007 incertos
1290 3945 1386 4009 oollo·

264 4067 374 4131 essse?
397 4066 499 4132 Nullo
523 4075 720 4150 argumento
747 4069 806 4132 boo
834 4069 1002 4149 probatur.
1027 4068 1194 4146 Evander,
1218 4069 1384 4133 Arcadum

264 4192 416 4254 exsulum
440 4192 519 4269 dux,
543 4192 580 4254 in
604 4191 770 4255 Palatium
798 4190 946 4274 confugit
954 4217 963 4269 ς
984 4192 1029 4254 sie
1050 4192 1191 4255 relatum
1206 4198 1265 4272 est,
1278 4213 1383 4275 quum

265 4313 306 4377 ad
339 4315 426 4378 hunc
459 4315 580 4392 looum,
604 4316 692 4397 quod
715 4336 811 4399 saepe
835 4315 911 4378 aliis
934 4315 975 4379 ef.
999 4315 1070 4379 Lib.
1095 4313 1154 4393 VI,
1178 4317 1218 4380 tr.
1244 4320 1273 4394 2,
1300 4319 1329 4393 3,
1355 4320 1383 4395 5,
