2956 5040
671 373 710 438 77

130 580 165 640 et
187 577 308 641 Justin.
332 579 387 656 43,
413 580 443 657 l,
468 580 506 643 9':
527 627 547 657 „
557 581 608 644 Ex
629 581 699 644 filia
717 582 830 645 Fauni
849 588 880 646 et
893 580 1036 648 Hercule
1051 631 1057 647 .
1073 632 1079 648 .
1095 633 1101 649 .
1117 632 1123 648 .
1137 589 1249 668 stupro

130 707 308 785 conceptus
319 704 459 767 Latinus
471 702 694 787 procreatur.''
708 705 769 768 His
783 711 895 770 tamen
909 706 995 770 inter
1007 727 1040 772 se
1052 710 1252 790 comparatis

129 832 221 910 patet
240 828 416 893 Herculem
435 849 501 892 non
515 829 620 892 liliam
635 835 694 893 aut
706 831 852 893 Evandri
866 837 924 895 aut
936 831 1044 895 Fauni
1057 832 1200 909 vitiasse,
1213 838 1251 895 ut

130 951 317 1035 Schwegler
340 953 429 1031 dicit,
457 955 512 1017 sed
533 951 665 1032 ambas;
685 955 798 1018 exilla
810 955 997 1020 Pallantem
1010 962 1250 1037 procreantem,

129 1093 172 1138 ex
195 1076 255 1139 hac
278 1077 449 1142 Latinum.
475 1075 570 1157 Quod
595 1079 737 1161 deniqne
760 1079 887 1142 Probus
910 1080 989 1142 dicit
1008 1079 1123 1161 Georg.
1144 1079 1171 1156 I,
1192 1078 1249 1141 10:

129 1201 301 1276 „eundem
325 1203 427 1280 Pana,
452 1203 598 1266 eundum
623 1203 757 1280 Inuum,
779 1204 920 1266 eundem
941 1203 1095 1267 Faunum
1110 1204 1249 1286 quidam

129 1323 390 1406 interpretantur
403 1372 410 1389 .
425 1373 432 1387 .
448 1372 477 1390 ..
512 1327 735 1390 Existimetur
766 1331 878 1390 autem
911 1327 1047 1389 Faunus
1069 1327 1167 1390 fuisse
1191 1346 1250 1391 rex

130 1447 397 1532 Aboriginorum,
421 1452 478 1533 qui
503 1452 590 1515 cives
609 1471 686 1515 suos
707 1453 872 1516 mitiorem
894 1453 999 1515 vitam
1013 1450 1168 1530 docuerit,
1182 1452 1247 1514 ritu

129 1572 276 1636 terarum
307 1575 460 1639 viventes
483 1574 568 1640 elc.''
593 1595 731 1639 munera
756 1576 835 1638 haec
857 1576 1013 1640 Evandro
1037 1595 1168 1659 quoque
1192 1577 1248 1638 tri-

131 1698 290 1774 buuntur,
327 1704 364 1761 nt
398 1704 484 1763 recte
519 1699 708 1782 Schwegler
740 1704 888 1777 annotat,
920 1701 1009 1782 quod
1040 1705 1152 1764 tamen
1176 1718 1249 1782 pro·

130 1823 214 1888 lecto
247 1843 312 1888 non
345 1824 455 1886 minus
486 1824 605 1906 probat
628 1825 823 1887 Evandrum
848 1825 1088 1889 recentioribus
1111 1825 1245 1889 demum

130 1948 333 2030 temporibus
363 1949 503 2012 eundem
535 1968 574 2012 ac
604 1949 760 2011 Faunum
793 1949 944 2012 habitum
978 1968 1055 2027 esse,
1080 1968 1183 2031 quum
1208 1968 1250 2013 ne

128 2072 257 2136 Probus
278 2073 414 2156 quidem
439 2092 638 2138 enumerans
656 2072 725 2155 ejus
745 2074 882 2136 nomina
901 2071 1147 2150 „Evandrum”
1167 2073 1249 2136 inse-

128 2195 239 2259 ruerit.
274 2196 408 2260 Servius
443 2199 522 2280 ipse,
558 2198 617 2280 qui
653 2199 781 2280 saepius
816 2199 855 2262 de
887 2200 1003 2262 Fauno
1035 2201 1169 2281 ejusque
1195 2218 1250 2262 no·

128 2319 275 2385 minibus
307 2321 445 2404 scripsit,
478 2341 644 2404 nusquam
676 2322 868 2386 Evandrum
903 2342 1084 2406 cognomen
1109 2342 1269 2386 commev

128 2449 246 2524 morat,
277 2445 314 2508 cf.
346 2445 388 2507 ad
418 2444 497 2509 Aen.
530 2441 586 2521 VI,
621 2445 700 2523 776;
732 2446 805 2523 Vll,
831 2447 890 2522 473
917 2447 1006 2523 VIII,
1032 2447 1113 2523 3143
1138 2445 1181 2524 X,
1210 2446 1248 2509 76

128 2572 257 2631 eat.
293 2565 429 2632 Ovidius
464 2569 562 2632 habet
592 2568 681 2633 Fast.
712 2567 757 2648 II,
790 2570 871 2632 267:
903 2570 1046 2646 „Tertia
1077 2574 1146 2654 post
1171 2570 1249 2634 Idus

129 2693 231 2756 nudos
266 2692 396 2756 Aurora
426 2695 590 2776 Lupercos
623 2695 752 2776 aspicit,
783 2699 817 2757 et
848 2695 958 2757 Fauni
989 2713 1082 2758 sacra
1106 2695 1249 2759 bicornis

128 2822 221 2881 eunt.
253 2815 370 2897 Dicite,
402 2818 557 2895 Pierides,
590 2837 756 2882 sacrorum
781 2819 932 2900 quaesit
957 2819 1056 2902 origo,
1080 2816 1249 2901 attigerint

130 2943 242 3006 Latias
264 2945 352 3007 unde
376 2945 478 3026 petita
501 2941 636 3007 domos?
649 2992 656 3008 .
671 2991 678 3007 .
747 2944 817 3006 Pan
837 2949 908 3006 erat
928 2945 1082 3022 armenti,
1095 2945 1166 3006 Pan
1178 2943 1250 3006 illic

130 3087 256 3130 numen
285 3087 466 3151 equarum:
498 3087 620 3131 munus
653 3068 696 3132 ob
726 3066 909 3131 incolumes
932 3068 989 3131 ille
1012 3067 1139 3133 ferebat
1163 3087 1249 3131 oves.

28 3219 30 3223 ·
130 3189 315 3254 Transtulit
337 3192 493 3255 Evander
515 3192 680 3254 silvestria
703 3191 845 3252 numina
864 3189 1008 3253 secum’'.
1028 3188 1131 3269 Quae,
1144 3209 1248 3272 quum

128 3315 176 3376 ita
199 3315 276 3391 sint,
300 3315 378 3378 satis
401 3315 641 3378 demonstrasse
667 3314 749 3376 mihi
771 3313 884 3375 videor
904 3314 1101 3377 sententiam
1124 3333 1249 3392 eorum,

129 3440 187 3521 qui
213 3436 366 3503 Faunum
392 3444 424 3503 et
443 3440 638 3502 Evandrum
660 3439 801 3502 eundem
824 3456 892 3499 esse
912 3437 1123 3515 contendant,
1145 3437 1251 3519 magis

131 3564 306 3629 temeraria
331 3561 487 3646 opinione
512 3583 612 3646 quam
637 3560 835 3626 testimoniis
864 3560 937 3623 niti.

174 3689 238 3751 Sed
261 3688 297 3750 in
323 3686 467 3770 Appiani
493 3687 571 3750 libri
596 3687 635 3751 de
658 3685 804 3768 Regibus
825 3685 1053 3748 Romanorum
1067 3681 1162 3748 initio
1175 3684 1252 3767 legi·

130 3831 221 3874 mus:
256 3806 381 3891 ,,Ἧρχε
410 3809 477 3874 τότε
507 3807 782 3890 Ἀβοριγίνων...
817 3810 930 3878 Φαῦνος
960 3806 973 3869 ὃ
1004 3809 1055 3870 τοῦ
1079 3802 1199 3887 Ἄρεως,
1223 3805 1253 3878 ὃς

129 3935 177 4000 καὶ
200 3932 353 4014 ζεύγνυσιν
375 3934 477 4016 Αἰνείᾳ
498 3935 551 4008 τὴν
575 3931 719 4011 taranta
744 3932 836 3995 adrui
858 3929 1034 3994 deorumst
1055 3932 1254 4014 celt.,equi·

131 4061 191 4124 bus
221 4064 310 4123 certe
337 4064 428 4142 patet
451 4079 528 4123 eum
552 4061 709 4122 Faunum
735 4058 876 4121 eundem
901 4057 1021 4121 dixisse
1044 4075 1144 4138 quern
1172 4056 1254 4119 alios

128 4185 289 4247 Latinum
324 4190 490 4262 vocarent,
515 4205 582 4250 non
607 4204 685 4248 eum
710 4185 865 4246 Faunum
892 4182 1034 4245 eundem
1060 4200 1128 4245 esse
1152 4185 1253 4261 atque

128 4309 286 4372 Latinum
316 4309 532 4373 contendisse.
