2956 5040
665 1361 737 1436 III.

515 1582 646 1650 deneas
671 1581 705 1651 et
730 1580 890 1651 Evander.

188 2082 329 2159 Aeneae,
353 2104 459 2167 quum
485 2084 666 2148 Laurentes
691 2083 771 2146 duce
796 2081 909 2159 Turno
935 2083 996 2146 sibi
1020 2082 1140 2146 multos
1159 2083 1263 2145 socios

138 2210 210 2290 jam
246 2209 527 2290 comparavissent
561 2215 593 2272 at
623 2208 792 2285 Venulum
825 2207 972 2290 legatum
1005 2207 1046 2270 ad
1082 2204 1263 2270 Diomeden

144 2329 308 2415 Arporum
340 2352 449 2415 regem
483 2333 659 2410 misissent,
689 2332 871 2397 novissima
895 2331 1107 2414 exspectanti,
1131 2331 1264 2394 tandem

144 2475 260 2520 somno
284 2475 445 2540 oppresso,
469 2457 647 2522 Tiberinus
671 2457 835 2539 apparuit.
861 2456 902 2519 Ei
926 2461 962 2519 ut
985 2456 1151 2519 auxilium
1177 2462 1269 2538 petat

145 2581 189 2644 ab
219 2581 384 2660 Evandro,
412 2580 576 2646 Arcadum
604 2601 689 2665 rege,
713 2581 772 2663 qui
797 2581 832 2643 in
859 2582 1028 2645 montibus
1054 2581 1169 2645 urbam
1194 2601 1269 2645 eon·

145 2705 308 2785 diderant,
331 2707 447 2771 suadet
469 2727 612 2790 eumque
635 2707 808 2771 certiorem
833 2706 912 2770 facit
936 2707 1003 2771 sore
1027 2712 1066 2770 ut
1088 2712 1177 2772 certo
1199 2709 1268 2773 loco

146 2828 259 2892 albam
282 2848 374 2894 suem
396 2850 472 2894 cnm
493 2831 632 2914 trigInta
651 2828 801 2915 porcellis
821 2830 984 2894 inveniat.
1006 2830 1134 2895 Aeneas
1157 2850 1269 2914 exper-

146 2959 255 3017 rectus
288 2960 321 3017 et
353 2956 497 3020 navibus
532 2957 659 3020 duabus
694 2957 758 3019 iter
789 2955 990 3037 incepturus,
1019 2974 1112 3018 suem
1137 2957 1266 3039 reperit,

147 3093 249 3157 quam
273 3097 350 3141 eum
371 3080 522 3162 porcellis
544 3081 671 3144 lunoni
697 3080 869 3143 sacrificat.

195 3201 292 3265 Hisce
315 3204 453 3286 peractis
472 3204 536 3268 iter
555 3201 661 3287 pergit
680 3208 712 3267 et
732 3221 805 3267 mox
830 3222 851 3265 a
869 3202 1020 3267 Pallante
1040 3204 1187 3268 Evandri
1201 3206 1270 3270 filio

149 3331 297 3411 repertus
319 3327 361 3390 ad
377 3332 504 3410 patrem
525 3327 708 3407 adducitur,
722 3347 760 3392 ao
783 3329 853 3410 ipso
869 3332 1015 3410 tempore
1027 3327 1163 3392 Herculi
1175 3349 1268 3393 sacra

150 3452 338 3532 facientem,
357 3472 456 3534 quem
478 3453 537 3517 hoc
557 3453 653 3516 modo
673 3452 864 3534 alloquitur,
877 3452 962 3515 Aen.
975 3451 1066 3530 VIII,
1081 3453 1161 3516 127:
1175 3452 1269 3536 „Op

19 3607 21 3611 ¹
152 3578 234 3641 time
254 3576 483 3660 Grajugenum
498 3621 506 3640 .
519 3622 527 3639 .
542 3622 549 3638 .
565 3575 661 3640 ,Non
674 3577 831 3660 equidem
845 3577 997 3660 extimui,
1014 3577 1163 3640 Danaum
1180 3578 1269 3661 qnod

152 3702 323 3766 ductaret
345 3701 455 3779 Arcas,
480 3699 640 3784 Quodque
662 3702 705 3766 ab
728 3702 828 3784 stirpe
851 3701 936 3764 fores
955 3702 1095 3784 geminis
1117 3705 1271 3786 eonJunc·

153 3830 206 3889 tus
229 3825 366 3889 Atridis.
390 3825 452 3889 Sed
474 3844 548 3890 mea
570 3845 622 3889 ma
636 3827 740 3889 virtus
756 3871 763 3886 .
779 3873 785 3889 .
801 3872 807 3888 .
822 3872 829 3888 .
842 3823 1049 3909 Cognatiqua
1061 3830 1169 3907 patres
1170 3873 1272 3904 .....

154 3949 364 4033 Oonjunxere
383 3951 445 4015 tibi
460 3997 467 4013 .
481 3996 507 4015 ..
524 3996 531 4012 .
554 3950 736 4026 Dardanus,
750 3950 871 4013 Iliacae
889 3951 1018 4032 primus
1030 3955 1123 4032 pater
1135 3950 1227 4014 urbis
1240 3956 1272 4015 et

154 4080 280 4154 auctor,
311 4077 452 4155 Electra,
484 4080 522 4139 ut
544 4075 637 4139 Graii
660 4076 844 4159 perhibent,
870 4075 1042 4138 Atlantida
1066 4081 1183 4154 cretus,
1208 4077 1273 4141 Ad·

156 4201 289 4264 vehitnr
310 4200 469 4278 Teucros;
490 4201 656 4265 Electram
678 4201 845 4264 maximus
865 4199 959 4263 Atlas
972 4201 1072 4263 edidIt
1086 4249 1094 4265 .
1109 4248 1116 4264 .
1131 4249 1138 4265 .
1153 4198 1274 4266 ,Vobis

157 4327 341 4390 Mercurius
365 4330 458 4409 pater
483 4331 540 4404 ast,
565 4345 666 4409 quem
689 4325 827 4390 candida
848 4326 935 4408 Maja
949 4374 955 4389 .
971 4374 978 4389 .
993 4373 1000 4389 .
1015 4374 1022 4388 .
1036 4326 1139 4404 fudit3
1154 4326 1198 4390 At
1211 4328 1276 4390 Ma·
