2956 5040
757 391 798 452 34

221 605 328 679 Anna,
359 600 537 665 secundum
570 600 733 676 Servium,
768 597 846 661 Aen.
870 599 928 677 IV,
954 602 983 678 9,
1009 607 1112 664 mater
1135 601 1251 665 Annae
1278 603 1330 664 Di·

220 729 354 810 dnsqne,
380 725 466 808 quod
491 744 608 788 nomen
633 744 708 788 cnm
732 725 766 786 It.
788 725 824 787 P.
841 726 878 787 tr.
892 724 917 802 I,
932 727 972 787 22
986 727 1073 790 viros
1084 727 1190 791 doctos
1201 728 1241 790 ad
1255 747 1332 791 con·

215 857 377 938 jacturam
402 851 551 928 adduxit,
570 849 734 914 Naevium
757 851 901 932 primum
925 854 1073 916 omnium
1088 854 1217 918 Aeneae
1231 852 1330 917 Dido·

219 981 336 1061 nisque
371 997 577 1060 congressum
615 977 808 1040 narravisse.
845 977 913 1041 Hoc
944 978 1102 1062 conjicere
1133 999 1210 1043 sane
1240 981 1330 1057 licet,

220 1104 275 1168 sed
307 1103 466 1166 indicium
502 1101 601 1164 nimis
634 1106 730 1165 tenne
765 1108 812 1165 est
843 1122 941 1184 quam
975 1109 1010 1167 ut
1041 1104 1074 1166 id
1100 1105 1328 1168 testimonium

219 1236 344 1295 certum
378 1229 567 1292 habeamus.
601 1227 628 1288 Ε
658 1227 850 1310 fragmentis
876 1234 985 1293 tamen
1011 1230 1070 1294 hoc
1093 1232 1212 1295 certius
1234 1251 1330 1313 posse

220 1356 301 1422 effici
325 1355 405 1417 milri
431 1354 570 1431 videtur,
594 1352 758 1417 Naevium
780 1356 925 1437 primum
947 1353 1093 1418 Aeneam
1113 1356 1213 1438 pallio
1233 1356 1330 1439 depo·

220 1484 292 1559 sito,
319 1487 393 1563 toga
415 1478 570 1542 indutum
594 1479 747 1561 pinxisse,
770 1499 873 1562 eoque
893 1481 986 1545 modo
1008 1481 1200 1546 multnmen
1214 1489 1327 1555 contuf
1352 1535 1358 1541 .

221 1609 306 1684 lisse,
335 1611 373 1670 ut
402 1606 515 1669 fabula
538 1606 710 1688 peregrina
733 1605 893 1669 Romanis
918 1612 984 1669 tam
1009 1626 1085 1670 cara
1107 1605 1193 1672 lacta
1215 1609 1269 1686 sit,
1295 1614 1333 1671 ut

219 1734 305 1796 inter
329 1752 382 1797 eos
404 1732 581 1814 aliquando
608 1731 715 1795 locum
740 1733 953 1814 praeprnum
978 1738 1086 1796 tenere
1109 1733 1261 1815 potuerit.

263 1859 442 1923 Multorum
468 1857 610 1919 aliorum
634 1858 827 1938 scriptorum
853 1857 1033 1939 fragmenta
1057 1863 1259 1940 quantopere
1286 1859 1331 1921 fa·

222 1983 298 2049 bula
322 1985 361 2048 de
386 1983 496 2047 Aenea
520 1983 677 2045 Romanis
697 1981 784 2045 cordi
804 1983 901 2045 fuerit
920 1989 1088 2076 testantur.
1109 1983 1241 2048 Cincius
1262 1983 1333 2046 Ali-

221 2116 354 2174 mentus
376 2109 424 2188 (cl.
451 2106 544 2171 Aust.
568 2109 608 2172 de
632 2109 711 2191 orig.
730 2109 836 2191 gentis
856 2109 951 2172 Rom.
965 2128 991 2173 c.
1007 2110 1056 2188 lt,
1070 2110 1194 2173 Kranae
1207 2131 1257 2193 pg.
1276 2112 1331 2196 73)

220 2236 259 2299 de
293 2234 431 2297 Ascanio
467 2235 667 2297 mentionem
700 2233 775 2296 fecit
808 2240 839 2296 et
861 2234 999 2314 triginta
1020 2252 1118 2312 arces,
1142 2253 1227 2316 qnae
1249 2242 1335 2299 sunt

219 2363 255 2425 in
289 2361 484 2437 Alexandra,
508 2360 543 2421 In
575 2359 712 2442 triginta
735 2379 838 2423 annos
864 2360 1017 2424 mutavit.
1040 2360 1218 2424 Fabiorum
1243 2381 1334 2425 nnus

220 2487 349 2569 nigram
374 2486 512 2550 scrofam
537 2486 587 2565 (cl.
610 2485 701 2549 Alex.
723 2486 827 2565 1256),
847 2485 956 2548 album
977 2484 1068 2547 dixit.
1084 2484 1218 2550 Abaliis
1230 2487 1334 2570 Bajas

221 2609 416 2695 Oajetaeque
440 2631 460 2674 a
483 2613 618 2675 nomine
642 2610 771 2674 Aeneae
794 2613 955 2674 comitum
979 2610 1161 2693 appellatae
1183 2617 1273 2676 sunt.

264 2736 308 2800 M.
333 2738 468 2801 Porcius
490 2734 571 2800 Cato
595 2738 643 2818 (cf.
669 2737 759 2800 Serv.
783 2737 864 2800 Aen.
889 2736 914 2814 I,
937 2739 965 2815 5,
988 2737 1061 2818 267)
1076 2737 1203 2800 Aeneae
1215 2739 1333 2820 appul-

219 2884 292 2927 snm
327 2862 368 2924 ad
402 2881 518 2944 agrum
552 2862 765 2938 Laurentum,
801 2861 943 2945 Trojam,
974 2865 1044 2945 ejus
1073 2863 1181 2944 prima
1210 2871 1332 2942 castra,

219 3006 346 3071 pugnas
379 3007 453 3050 cum
488 2987 607 3049 Latino
641 2993 673 3049 et
703 2988 954 3051 matrimonium
987 3007 1062 3050 cum
1087 2987 1234 3065 Lavinia,
1257 2989 1333 3052 filia

220 3114 331 3177 Latini
365 3114 499 3194 ejusque
533 3113 695 3195 proelium
730 3133 806 3176 curn
843 3114 965 3191 Turno,
998 3134 1038 3177 ex
1068 3133 1131 3196 qun
1154 3132 1331 3196 nunquam

219 3239 323 3317 rediit,
346 3240 497 3303 omnium
520 3239 647 3321 primns
670 3239 814 3302 tradidit.
839 3237 967 3303 Cassius
986 3239 1131 3302 Hemina
1152 3237 1204 3318 (cl.
1224 3239 1332 3304 Solin.

219 3366 260 3441 ΙΙ,
293 3366 346 3449 14)
377 3365 523 3429 Aeneam
554 3365 780 3443 simulacrum,
810 3367 896 3447 quod
927 3384 1038 3429 secum
1067 3385 1107 3429 ex
1138 3365 1251 3429 Sicilia
1275 3369 1333 3433 ad-

220 3497 363 3569 vexerat,
388 3492 510 3555 Veneri
535 3491 631 3554 matri
652 3491 812 3554 dedicasse
833 3492 989 3553 narravit.
1002 3491 1108 3555 Varro
1128 3491 1177 3573 (cl.
1190 3489 1333 3574 August.

219 3617 296 3683 du.
329 3617 454 3694 XVIII,
489 3619 540 3698 19)
569 3616 717 3680 Aeneam
748 3617 905 3699 quoniam
939 3635 1100 3698 nusquam
1126 3617 1333 3698 apparuerit,

219 3744 314 3806 doum
351 3762 371 3805 a
401 3743 527 3805 Latinis
558 3742 682 3805 factum
707 3742 796 3804 dicit.
821 3740 984 3816 Tibullus,
1009 3760 1112 3822 quum
1139 3741 1260 3805 cecinit
1283 3741 1333 3821 II,

221 3870 250 3946 5,
285 3869 337 3945 63,
374 3865 478 3944 „Illic
515 3875 647 3930 sanctus
679 3867 750 3944 eris,
782 3886 856 3929 cum
891 3871 931 3943 te,
966 3866 1160 3943 venerande,
1192 3863 1332 3931 Numici

219 3994 317 4058 Unda
339 3994 436 4057 deum
460 3992 551 4056 caelo
573 3993 698 4055 miserit
718 3987 931 4075 Indigetem’',
953 3993 1080 4073 primus
1101 3991 1252 4055 omnium
1272 3993 1334 4057 tlu-

220 4138 295 4183 men
318 4118 509 4181 Numicium
534 4124 568 4180 et
592 4117 737 4181 Aeneam
762 4117 943 4199 Indigetem
969 4123 1215 4195 commemorat,
1240 4119 1334 4202 quod

220 4243 368 4322 Ovidius,
400 4243 478 4308 Met.
512 4242 605 4323 XIV,
638 4245 710 4322 660,
742 4245 844 4308 fusius
878 4244 1079 4326 sanctiusque
1113 4264 1178 4309 nnn
1215 4251 1332 4310 tamen

221 4369 438 4436 verecundius
462 4372 625 4454 repetivit.
