2956 5040
795 359 836 418 24

267 585 351 647 quae
374 567 416 629 ad
440 565 583 629 Aeneiae
603 565 737 630 fabulae
756 567 928 648 originem,
948 573 1096 644 auctum,
1116 567 1189 643 iter,
1212 567 1383 630 historiam

267 690 410 771 denique
431 691 609 772 pertinent.
634 687 758 753 Omnia
779 689 890 773 igitur,
905 707 992 770 quae
1011 689 1053 752 ad
1072 691 1287 754 statuendum
1305 689 1385 772 qnid

268 810 432 894 Vergilius
455 813 624 876 invenerit
645 811 793 894 quidque
815 812 950 876 finxerit
972 813 1068 876 nobis
1090 818 1277 894 supersunt.

507 1073 524 1156 p
549 1075 579 1138 2.
602 1070 653 1138 De
673 1071 812 1137 uirorum
834 1071 991 1136 doctorum
1008 1071 1145 1154 judicus

313 1307 361 1370 De
393 1304 503 1370 Aenea
533 1306 594 1370 hoc
621 1305 751 1369 saeculo
775 1305 986 1386 disputarunt
1008 1302 1046 1369 Ο.
1072 1303 1202 1381 Mtiller,
1227 1301 1389 1366 Classical

269 1428 385 1494 Journ.
421 1432 521 1508 1822,
554 1429 706 1505 Uschold,
735 1429 930 1492 Geschiehte
954 1429 1010 1491 des
1033 1429 1151 1510 trojan.
1174 1426 1299 1508 Kriegs,
1324 1425 1391 1486 An·

269 1553 355 1637 hang
378 1555 460 1616 1836
471 1580 480 1632 ς
502 1554 711 1637 Bamberger,
732 1553 850 1616 Rhein.
870 1553 1022 1615 Museum
1043 1549 1102 1629 VI,
1118 1570 1171 1633 pg.
1186 1549 1392 1627 82:„Ueber

269 1679 321 1744 die
352 1680 560 1762 Entstehung
590 1679 645 1743 des
674 1677 812 1759 Mythue
842 1697 909 1741 von
938 1675 1072 1740 Aeneae'
1096 1675 1250 1739 Ankunft
1271 1675 1308 1737 in
1331 1675 1394 1738 La-

270 1801 373 1866 tium'’
384 1829 393 1881 3
413 1803 569 1881 Klausen,
591 1803 718 1867 Aeneas
741 1803 808 1865 und
828 1802 881 1866 die
899 1803 1046 1867 Penateu
1057 1827 1065 1878 3
1086 1801 1272 1882 Schwegler
1292 1799 1394 1864 Rom.

271 1928 387 1992 Gesch.
418 1926 446 2006 I,
478 1947 530 2010 pg.
564 1929 644 2007 2793
674 1946 762 2010 sqq,
791 1928 924 2003 Preller,
949 1926 1046 1990 nom.
1070 1923 1178 2006 Myth.
1203 1921 1251 1986 32¹1
1270 1923 1394 2007 Ausg.;

271 2053 416 2128 Rubico,
448 2053 598 2135 Beitrage
629 2073 687 2114 nur
718 2050 971 2134 Vorgeschichte
1000 2052 1149 2129 Italiens,
1182 2052 1285 2128 1·868;
1314 2053 1396 2116 Max

271 2178 407 2256 Zoeller,
450 2179 583 2241 Latium
625 2179 694 2241 und
735 2177 844 2255 Rom,
882 2177 964 2239 1878
974 2204 983 2257 3
1018 2178 1107 2256 Hild,
1142 2178 1220 2255 „La
1253 2176 1395 2258 legende

271 2299 415 2366 d'lluee'’
448 2301 576 2383 (Revue
607 2303 647 2366 de
678 2302 836 2366 l'histoire
858 2304 913 2367 des
937 2303 1102 2385 religions,
1128 2303 1237 2384 1882).
1261 2298 1395 2365 Horum

271 2427 424 2490 omnium
448 2427 729 2508 disputationibus
751 2428 894 2510 cognitis
915 2428 1139 2491 admiratione
1158 2427 1347 2509 sagacitatis
1360 2432 1397 2490 et

272 2550 489 2633 componendi
523 2552 828 2634 interpretandique
861 2553 943 2614 artis
978 2553 1175 2616 imbuimur.
1213 2550 1275 2613 Sed
1311 2552 1396 2633 quia

273 2675 352 2751 vias,
376 2694 458 2757 quas
479 2675 530 2736 his
549 2675 688 2740 ducibus
707 2676 1026 2757 perambulavimus,
1047 2675 1254 2758 respicientes
1274 2675 1395 2757 aliquo

272 2797 368 2860 modo
400 2798 549 2879 deceptos
572 2819 631 2861 nos
654 2800 808 2877 fatemur,
833 2800 868 2860 iu
893 2818 948 2863 eas
970 2800 1158 2863 accuratius
1179 2798 1396 2880 inquiramus

274 2941 402 2986 necesse
434 2928 491 2985 est.
523 2920 610 2985 Nam
643 2928 675 2986 et
704 2924 744 2986 de
777 2925 831 2986 via
861 2930 892 2987 et
924 2924 963 2987 de
997 2930 1143 3006 tempore
1174 2942 1240 3005 quo
1264 2921 1398 2986 Aeneas

274 3044 417 3108 Romam
441 3048 629 3128 pervenisse
651 3048 818 3130 putandus
841 3053 890 3111 est
914 3048 979 3109 viri
1005 3048 1091 3111 docti
1115 3047 1326 3110 dissentiunt.

317 3167 450 3245 Miiller,
481 3189 581 3252 quem
612 3170 809 3253 plerumque
839 3171 985 3234 Klausen
1010 3176 1140 3235 secutus
1163 3177 1220 3246 est,
1244 3169 1397 3234 Aeneam

274 3313 348 3357 cum
382 3293 545 3376 Apollinis
573 3295 664 3358 cultu
689 3300 721 3358 et
745 3293 945 3378 Sibyllarum
973 3296 1141 3358 vaticiniis
1163 3294 1339 3377 conjunxit
1364 3302 1398 3360 et

276 3417 420 3482 fabulam
444 3418 484 3482 de
508 3438 545 3482 eo
568 3437 626 3500 per
648 3418 771 3483 Cumas
796 3421 831 3480 in
855 3417 1000 3496 Italiam,
1027 3425 1186 3502 regnante
1211 3416 1396 3502 Tarquinio

219 3582 221 3586 -
275 3540 421 3623 Superbo
455 3541 597 3604 Romam
633 3543 822 3623 pervenisse
857 3544 1043 3620 contendit,
1080 3562 1165 3624 quae
1201 3545 1261 3607 hoc
1297 3546 1396 3609 modo

276 3665 441 3747 explanat.
478 3665 574 3749 Apud
608 3666 813 3749 Gergithum,
851 3668 909 3731 ubi
942 3669 1042 3731 Dario
1073 3674 1234 3749 regnante
1263 3671 1399 3752 antiqui

276 3788 394 3852 Teucri
420 3789 625 3867 habitabant,
651 3791 811 3872 templum
837 3789 1002 3874 Apollinis
1026 3790 1187 3855 Sminthei
1211 3796 1244 3856 et
1268 3791 1400 3874 Sibylla

277 3911 465 3994 Herophile‚
508 3933 592 3994 quae
627 3913 859 3977 Aeneadarum
892 3916 1034 3998 gloriam
1070 3916 1219 3999 canebat,
1254 3917 1398 3981 fuerant.

276 4035 394 4098 Postea
417 4036 544 4119 Sibylla
567 4038 763 4118 Erythraea,
787 4039 939 4121 Trojanis
962 4039 1148 4122 Aeoliisque
1170 4042 1233 4104 huc
1256 4042 1398 4124 migran-

276 4159 376 4235 tibus,
402 4156 625 4243 Gergithanae
649 4159 796 4243 Sibyllae
820 4165 1025 4242 antecelluit,
1049 4168 1141 4246 cujus
1160 4166 1319 4229 vaticinia
1338 4186 1398 4248 per

274 4283 401 4346 insulas
427 4304 530 4367 usque
553 4286 594 4348 ad
619 4286 762 4368 Delphos
785 4287 980 4351 circumlata
998 4268 1083 4352 sunt.
1107 4290 1213 4372 Prope
1232 4291 1395 4371 Erythras
