2956 5040
710 384 748 444 36

223 574 311 641 Haec
331 589 498 662 praeterea
518 590 599 653 mihi
619 592 818 657 observanda
838 594 1004 665 videntur.
1028 607 1237 696 Scriptores,
1250 627 1311 704 qui

179 701 274 783 primi
299 702 452 789 Trojauoa
475 731 548 777 cum
572 716 679 781 Roma
698 719 951 801 conjunxerunt,
973 727 1115 812 Callias,
1130 741 1311 827 Timaeus,

179 827 383 898 Alexandrea
405 844 517 902 auctor
539 847 570 904 et
593 841 737 908 Naevius
758 844 900 910 luerunt.
919 847 1049 919 Callias
1063 861 1309 942 Syracusanus

179 974 230 1019 rcn
258 962 360 1033 gestas
392 964 475 1045 regis
497 965 683 1050 Agathoclis
706 974 900 1053 composuit.
925 976 1090 1050 Timaeus
1114 990 1307 1063 Taurome.

180 1083 312 1147 nitanna
345 1085 418 1167 luit,
452 1092 521 1174 qui,
554 1115 756 1180 quamquam
792 1096 932 1165 Athenis
963 1109 1108 1192 scripsit,
1136 1137 1303 1202 magnam

178 1213 264 1276 vitan
286 1219 408 1297 partem
432 1218 466 1281 in
488 1220 600 1287 Sicilia
620 1224 717 1308 degit.
737 1224 942 1308 Lycophron,
955 1234 1014 1314 qui
1036 1238 1139 1322 vulgo
1152 1243 1304 1312 Alexan·

177 1340 253 1407 drac
295 1348 408 1408 auctor
449 1346 595 1430 habetur,
632 1357 788 1435 regnante
830 1352 1022 1423 Ptolemaeo
1057 1363 1301 1456 Philadelpho,

177 1467 397 1535 Alexandriae
421 1472 513 1540 vixit.
536 1475 686 1557 Naevius,
710 1477 813 1556 exsul,
835 1489 1006 1560 provectus
1029 1494 1152 1571 aetate,
1175 1496 1302 1565 Uticae

177 1596 300 1663 bollum
321 1595 480 1664 Punicum
494 1604 632 1688 scripsit.
646 1605 672 1669 Ε
685 1605 806 1688 quibus
818 1608 974 1673 omnibus
986 1615 1192 1684 concludere
1205 1623 1300 1704 licet,

175 1734 351 1811 animuum
378 1724 489 1793 tabula
512 1730 551 1795 de
573 1734 684 1798 Aenea
695 1732 836 1798 Romam
851 1740 1038 1815 pervenerit
1051 1741 1297 1816 Romanorum

174 1874 249 1921 cum
278 1851 426 1935 'Projania
448 1859 673 1941 cognationem
697 1862 766 1943 jam
792 1860 1005 1926 constitutam
1031 1885 1117 1944 esse;
1142 1877 1298 1953 patriam

176 1979 383 2058 tractationis,
408 1998 491 2064 (puae
515 1984 660 2051 Aeneam
685 1987 862 2070 Trojanum
889 1987 930 2049 ad
952 1987 1068 2053 Italiae
1090 1992 1210 2060 littora
1232 2006 1299 2066 tra-

175 2111 278 2193 duxit,
315 2128 379 2175 non
412 2108 582 2176 Graeciam
617 2133 722 2197 neque
751 2111 894 2189 Italiam,
918 2115 972 2177 sed
996 2114 1148 2182 Africam
1174 2124 1298 2207 fuisse3

174 2236 331 2325 originem
357 2234 496 2320 denique
518 2238 656 2320 tabulae,
680 2259 766 2324 quae
790 2239 956 2303 Romanos
979 2259 997 2304 e
1020 2240 1175 2325 Trojanis
1201 2258 1299 2318 ortos

175 2366 252 2433 lacit
281 2368 358 2430 ante
382 2361 505 2426 bellum
529 2364 689 2431 Punicum
713 2366 868 2450 primurn,
892 2383 978 2445 quac
1002 2364 1133 2434 Aeneae
1158 2374 1203 2436 ad
1226 2376 1299 2441 Ita-

175 2495 254 2560 liam
289 2488 520 2573 migrationem
552 2493 660 2571 tradit,
692 2497 763 2575 post
797 2491 856 2553 hoc
888 2488 1022 2568 bellum,
1054 2492 1191 2560 tortasse
1224 2505 1295 2567 sub

174 2619 315 2689 secundo
340 2613 423 2680 bello
445 2614 579 2695 Punico,
603 2618 788 2701 ponendam
814 2634 890 2679 esse.

219 2744 344 2813 Deinde
368 2743 454 2806 inter
478 2741 608 2808 Aenum
635 2746 685 2809 vel
711 2743 867 2820 Aeneam,
893 2741 988 2804 urbes
1010 2743 1052 2805 ad
1074 2763 1165 2808 marc
1185 2749 1297 2817 Thra·

173 2878 280 2943 uicum
306 2873 393 2946 sitas,
417 2876 449 2934 et
472 2865 617 2950 Italiam,
641 2877 768 2954 praeter
787 2887 871 2952 quae
892 2868 1013 2930 tradita
1032 2872 1293 2960 suntaLeschc,

173 3005 230 3089 qui
265 3000 410 3066 Aeneam
443 2998 607 3079 captivum
641 2995 842 3060 Pharsaliam
871 2995 1060 3074 adductum,
1084 3015 1104 3058 a
1127 3000 1295 3084 scriptore

173 3127 349 3193 annalium
380 3122 628 3187 sacerdotalium
663 3123 874 3206 Argivorum,
902 3118 1059 3203 quicum
1084 3143 1160 3187 cum
1184 3127 1295 3198 Ulixe

174 3256 209 3319 in
244 3252 376 3319 Italiam
413 3248 601 3313 venientem
638 3254 671 3313 et
700 3268 720 3312 a
751 3245 863 3311 Cassio
886 3247 1038 3326 Hemina,
1064 3251 1122 3332 qui
1146 3271 1225 3317 eum
1254 3259 1292 3322 in

175 3380 289 3446 Sicilia
308 3380 566 3443 commorantem
587 3374 719 3452 iaciunt,
734 3378 810 3436 ante
822 3369 1005 3456 Vergilium
1021 3373 1294 3464 Dionysiumque

176 3506 270 3571 nulla
288 3504 419 3568 Aeneae
441 3501 656 3565 commoratio
679 3516 785 3581 neque
804 3498 838 3560 in
853 3498 923 3561 ulla
934 3499 1118 3564 continenti
1130 3522 1238 3587 neque
1253 3509 1292 3573 in

176 3633 245 3696 ulla
278 3629 388 3694 insula
423 3627 544 3690 tradita
581 3633 637 3690 est.
670 3627 703 3690 Si
733 3630 902 3706 praeterea
932 3624 1132 3707 discrimina,
1164 3633 1292 3712 quibus

176 3759 347 3842 utriusque
381 3754 508 3818 itineris
541 3752 678 3818 Aeneae
700 3751 906 3814 narrationes
928 3751 1109 3833 abundant,
1135 3755 1290 3823 observa-

176 3904 260 3964 mus,
291 3904 331 3948 ex
361 3880 475 3944 iisdem
506 3884 605 3964 patet,
631 3877 777 3941 fabulam
802 3876 961 3940 Aeneiam
985 3896 1027 3941 ue
1052 3849 1112 3944 hoc
1138 3887 1287 3966 ternpore

175 4012 307 4096 quidem
344 4009 379 4072 in
413 4014 478 4070 tam
504 4004 655 4069 stabilem
679 4005 818 4068 formam
843 4002 1008 4066 redactam
1035 4004 1132 4070 fuisse
1157 4014 1192 4071 ut
1218 4031 1291 4076 mu-

176 4138 238 4201 tari
273 4155 339 4200 non
371 4138 485 4218 posset.
517 4129 610 4212 Quae
641 4149 743 4214 quum
775 4129 822 4191 ita
852 4129 927 4206 sint,
959 4132 1119 4213 conjicere
1151 4135 1228 4199 licet
1253 4147 1289 4204 et

177 4263 363 4346 Vergilium
406 4267 438 4324 et
477 4258 672 4340 Dionysium
708 4256 862 4319 stationes
897 4254 1028 4319 Aeneae
1062 4257 1188 4324 itineris
1228 4284 1287 4330 suo

177 4395 357 4472 utrumque
380 4387 540 4452 arbitratu
565 4385 707 4448 finxisse.
