2956 5040
713 415 774 477 las

223 624 258 686 Si
281 642 438 706 rogamus
463 624 550 687 unde
573 624 766 706 Lycophron
797 623 1069 687 vaticinationem
1097 623 1302 687 Alexandrae

174 747 402 829 depromserit,
426 736 493 811 non
520 747 616 811 credo
641 749 709 828 ejus
732 747 855 811 fontem
881 747 1007 811 ostendi
1030 746 1297 829 nonposse.Ncn

176 871 273 953 longe
306 871 349 934 ab
378 871 581 934 Alexandria
605 872 683 935 urbs
705 870 881 935 Naucratis
908 872 971 935 sita
994 877 1075 936 crat.
1101 873 1309 950 Athenaeus,

176 994 338 1060 Naucrati
372 1000 480 1073 natus,
514 997 555 1060 de
584 995 816 1061 Naucratitum
841 999 1057 1062 caeremoniis
1081 999 1116 1060 in
1143 999 1301 1062 bonorem

169 1118 353 1201 Apollinis,
385 1120 548 1201 Dionysii,
584 1120 771 1202 Vestaeque
806 1122 1031 1203 prytanitidis,
1067 1123 1109 1185 ab
1144 1122 1301 1186 Hermaia

178 1245 308 1308 traditis
340 1265 401 1309 nos
435 1246 588 1309 certiores
615 1246 693 1309 facit
725 1253 905 1328 narratque
928 1246 967 1310 cf.
991 1247 1007 1309 I
1031 1243 1086 1324 IV,
1112 1265 1163 1328 pg.
1191 1248 1296 1310 149e:

177 1367 279 1432 ἔπειτα
301 1366 415 1448 inciam
437 1367 629 1449 παρατίθεται
651 1365 736 1445 ἄρτος
758 1369 884 1448 καθαρὸς
910 1369 949 1440 εἰς
968 1367 1297 1447 τλαττςτετοαρμὲνος,

176 1493 226 1573 ἐφ’
262 1486 282 1572 ᾧ
318 1493 462 1556 ἒτταεῖτατ
492 1489 577 1572 ἄρτος
610 1489 713 1573 ἕτερος,
736 1490 765 1555 ὃν
787 1491 959 1572 κριβανίτην
980 1497 1112 1565 καλοῦσι,
1136 1491 1188 1557 καὶ
1211 1491 1297 1573 κρέας

177 1615 246 1682 ὕειον
269 1616 322 1681 καὶ
346 1615 476 1698 λεκάριον
498 1641 525 1680 κ.
539 1640 565 1681 τ.
581 1617 634 1681 αἶ’
656 1616 769 1698 Quum
789 1625 958 1701 praeterea
980 1619 1068 1701 apud
1081 1619 1300 1696 Herodotum,

177 1740 221 1818 II,
240 1743 303 1806 178
324 1742 483 1825 legamus,
498 1741 635 1805 Amasin
648 1741 782 1806 Graecis
794 1748 989 1825 potestatem
1003 1741 1126 1806 dedisse
1139 1741 1300 1806 Naucrati

179 1867 360 1945 habitandi,
394 1885 578 1949 eorumque
609 1867 680 1928 Diis
703 1885 777 1929 aras
799 1868 943 1930 erexisse
968 1867 1123 1950 lucosque
1145 1886 1298 1938 sacrasse,

178 1992 266 2053 inter
299 2010 380 2073 quos
413 1991 555 2054 Graecos
578 1991 686 2067 Jonas,
712 1993 824 2067 Dores,
850 2010 890 2054 ex
915 1991 1038 2055 Aeoliis
1061 1992 1145 2055 solos
1169 1991 1298 2071 Mytile-

178 2133 294 2178 nenses
324 2113 431 2191 fuisse,
463 2115 606 2196 profecto
631 2134 696 2177 non
723 2115 1160 2198 rnirarnurlLycophronem
1183 2115 1299 2197 Troja-

178 2240 228 2301 nis
252 2240 470 2321 migrantibus
493 2240 613 2302 Vestae
635 2237 835 2303 ceremonias
858 2239 1061 2316 attribuisse,
1087 2246 1119 2302 et
1142 2240 1185 2302 ab
1206 2240 1247 2301 iis
1268 2244 1301 2302 et

176 2364 312 2427 scrofam
337 2369 370 2426 et
391 2363 521 2426 tabutas
541 2364 690 2427 ciborum
712 2363 827 2444 plenas
845 2368 1057 2444 consumptas
1070 2364 1298 2446 depromsisse.

177 2485 311 2568 Trojani
335 2487 425 2550 enim
450 2487 558 2550 Aeolii
580 2506 712 2568 quoque
735 2487 879 2550 fueraut.

219 2612 273 2674 Sic
303 2612 407 2674 scrofa
438 2607 556 2673 Vestae
581 2630 673 2674 sacra
697 2631 773 2674 eum
800 2611 954 2693 perduxit
977 2630 1014 2675 eo
1039 2615 1076 2673 nt
1098 2611 1191 2673 itiam
1219 2617 1300 2673 tanr-

175 2756 274 2818 qnam
300 2737 495 2819 participem
522 2735 729 2819 migrationis
750 2742 783 2799 et
807 2736 958 2799 edentem
979 2754 1090 2798 rerum
1112 2734 1297 2799 futurarum

176 2836 268 2944 signa
299 2863 450 2944 fingeret,
482 2862 528 2925 sic
559 2862 666 2924 libum
690 2861 828 2943 planum
861 2860 965 2924 altero
989 2862 1056 2924 libo
1081 2867 1214 2938 tectum,
1238 2861 1292 2924 cui

178 3005 252 3048 cum
284 2986 359 3048 aliis
389 2986 470 3049 cibis
501 3005 577 3049 caro
604 2985 704 3048 suilla
728 2984 883 3066 imposita
907 2991 987 3061 erat,
1013 3003 1099 3066 quae
1121 2986 1236 3047 omnia
1258 2985 1292 3047 in

176 3116 356 3190 prytaneeo
380 3115 475 3172 erant
497 3109 731 3186 consumenda,
755 3109 858 3171 nimis
881 3109 977 3172 t'acile
1003 3109 1045 3171 ad
1069 3109 1294 3172 narrationem

176 3235 213 3298 de
244 3235 360 3299 tabula
389 3235 538 3298 ciborum
572 3235 672 3317 plena
703 3234 835 3297 adducit
865 3254 967 3316 quam
994 3240 1032 3298 nt
1055 3234 1107 3298 vel
1131 3235 1216 3298 hanc
1240 3235 1316 3313 vel,

177 3359 277 3420 aliam
306 3360 467 3442 ejusmodi
489 3359 732 3423 caeremoniam
757 3358 982 3441 Lycophronis
1005 3359 1117 3422 animo
1142 3359 1294 3422 obversa·

178 3489 244 3546 tarn
270 3503 338 3547 esse
357 3503 478 3566 negare
502 3483 610 3547 liceat.

220 3610 254 3672 Si
281 3611 425 3673 breviter
449 3609 671 3691 omnibusque
694 3609 901 3671 ornamentis
925 3608 1059 3671 remotis
1079 3608 1295 3690 explanamus

176 3755 260 3818 quae
283 3735 471 3800 Alexandra
492 3736 735 3817 consanguineo
765 3754 822 3796 suo
846 3734 1028 3796 vaticinata
1051 3738 1108 3810 est,
1132 3733 1292 3814 legimus:

176 3862 271 3936 „Ubi
303 3858 423 3924 Vestae
446 3865 523 3924 tuae
546 3861 654 3924 cultus
677 3834 835 3942 repereris
859 3857 907 3921 ibi
934 3865 992 3920 tua
1015 3858 1124 3939 petria
1146 3856 1238 3933 erit”,
1263 3862 1296 3919 et

176 3987 261 4048 nibil
285 3987 365 4048 novi
389 3985 480 4049 addit
504 3986 568 4047 nisi
594 3985 651 4046 has
676 3985 814 4065 triginta
843 4001 944 4045 arces.

218 4112 319 4188 Haec,
344 4116 382 4173 ut
402 4111 517 4174 omnia
537 4109 627 4186 talia,
649 4109 789 4170 initiatis
810 4106 985 4190 simplicia,
998 4111 1098 4189 prout
1111 4106 1165 4169 vet
1178 4125 1293 4168 eurum

177 4239 262 4319 origo
294 4238 401 4301 oblita
428 4237 481 4299 vel
506 4236 613 4318 prisca
635 4237 741 4297 forma
764 4233 967 4299 ornamentis
989 4232 1290 4313 additamentisque

177 4364 292 4427 obruta
316 4368 396 4439 erat,
419 4363 558 4443 speciem
584 4361 808 4443 prodigiorum
833 4377 969 4439 praese
995 4357 1105 4418 ferent.
1132 4356 1201 4418 Hoc
1225 4375 1293 4416 am-
