2956 5040
715 122 774 183 121

176 331 216 393 ad
240 331 379 414 triginta
402 349 502 408 arces,
527 349 613 413 quaa
637 335 748 413 postea
771 331 806 393 in
829 349 907 411 agro
928 330 1047 393 Latina
1068 333 1301 411 essent,pcste·

176 455 277 518 riores
307 462 420 519 autem
453 474 567 518 omnes
598 455 641 517 ad
672 454 808 536 triginta
841 473 954 532 annos,
986 454 1043 536 qui
1072 453 1298 535 praeterirent,

176 584 354 660 antequam
378 599 397 641 e
419 576 559 642 Lavinio
587 578 706 641 Albam
731 577 869 642 condere
892 585 1037 660 possent,
1060 577 1217 641 referunt.

219 704 395 767 Praeterea
430 704 625 788 Lyccpbrcn
662 703 793 767 lectoris
822 703 974 765 animum
999 703 1041 766 ad
1065 702 1203 785 triginta
1226 720 1298 783 pcr-

177 827 276 892 cellcs
306 829 459 906 advertit,
494 828 594 892 ceteri
626 828 750 892 serulae
778 846 908 910 quoque
933 844 1089 910 magnam
1114 827 1184 888 vim
1208 825 1299 888 attri-

177 954 291 1017 buunt.
324 949 452 1017 Horum
483 952 608 1016 Fabius
642 959 675 1015 et
700 952 807 1015 Varro
830 971 904 1016 eam
930 952 1048 1034 fugisse
1071 950 1217 1028 tradunt,
1242 949 1300 1013 ille

176 1097 278 1159 quum
304 1079 340 1139 in
363 1097 402 1142 ec
426 1082 508 1140 esset
534 1083 569 1141 ut
594 1082 807 1155 mactaretur,
833 1079 886 1141 bic
905 1080 975 1160 jam
997 1097 1038 1141 ex
1058 1076 1298 1140 Aeneacnave.

178 1197 316 1264 Cincius
350 1201 503 1263 animum
540 1203 716 1283 praecipue
750 1201 792 1263 ad
824 1202 946 1265 scrofae
976 1201 1119 1266 colorem
1144 1200 1299 1264 attendit.

178 1321 344 1407 Vergilius
366 1325 455 1389 solus
473 1345 541 1389 non
562 1326 603 1388 de
625 1326 702 1408 fuga
723 1326 929 1390 mentionem
942 1326 1030 1402 facit,
1044 1343 1246 1408 quamquam
1263 1330 1300 1386 ut

177 1449 275 1512 ceteri
308 1453 423 1511 narrat
453 1448 574 1525 lucum,
605 1468 671 1530 quo
705 1468 761 1511 sus
792 1449 908 1531 ingens
933 1450 995 1513 sub
1019 1448 1144 1513 litoreis
1166 1447 1300 1511 ilicibus

176 1574 317 1637 inventa
338 1573 391 1651 sit,
415 1573 615 1636 destinatum
641 1573 710 1637 fore
735 1573 825 1636 urbis
853 1571 1052 1649 condendae,
1076 1590 1205 1653 exque
1229 1577 1301 1652 pust

179 1697 314 1779 triginta
355 1715 460 1760 annos
503 1695 666 1759 Ascanius
712 1696 834 1760 Albam
869 1697 1018 1778 Longam
1053 1695 1181 1771 condet,
1213 1712 1300 1776 quae

179 1821 257 1884 urbs
290 1840 366 1903 ergo
401 1820 583 1883 Lavinium
621 1825 679 1884 est.
716 1821 819 1884 Pceta
851 1820 993 1902 denique
1024 1819 1125 1883 tradit
1155 1817 1301 1882 Aeneam

179 1965 267 2008 suem
302 1965 379 2009 cum
414 1945 559 2027 porculis
589 1945 716 2009 Juncni
748 1963 901 2008 sacrasse.
934 1943 978 2006 At
1002 1942 1182 2023 Dionysius
1207 1939 1234 2020 I,
1260 1941 1300 2003 57

179 2071 306 2133 scribit:
342 2117 362 2147 „
372 2067 489 2140 Αἰνείας
524 2067 555 2132 tl
591 2074 645 2142 τῆς
681 2067 736 2146 μὲν
766 2068 813 2139 ὑὸς
842 2069 892 2134 τὸν
922 2067 1004 2132 τόκον
1034 2065 1103 2144 ἅμα
1134 2074 1171 2146 τῇ
1202 2087 1301 2143 γεινα-

180 2191 250 2272 μένῃ
281 2199 343 2265 τοῖς
373 2189 514 2273 πατρῴοις
546 2190 642 2272 ἁγίζει
668 2192 737 2266 θεοῖς
761 2193 790 2256 ἕν
813 2193 854 2272 τῷ
877 2190 971 2273 χωρίῳ
993 2191 1075 2271 τῷδε,
1099 2185 1131 2254 οὗ
1154 2192 1201 2252 νῦν
1224 2190 1302 2254 ἐστιν

180 2315 359 2389 tinctula?

220 2442 386 2507 Fabulam
411 2443 625 2507 domesticam
651 2444 753 2525 igitur
775 2463 841 2508 non
867 2443 1022 2520 mutavit,
1047 2442 1101 2506 sed
1125 2441 1213 2523 quud
1231 2459 1302 2522 prc-

180 2565 260 2648 digii
296 2568 366 2630 vim
397 2587 519 2650 augere
551 2568 581 2631 ei
608 2567 759 2649 placaret,
784 2587 875 2630 suem
900 2568 1086 2644 inventam,
1110 2585 1178 2629 ncn
1205 2565 1301 2628 adve-

181 2695 265 2753 ctam
291 2691 386 2754 uobis
408 2691 560 2772 depinxit
583 2698 616 2755 et
642 2710 857 2772 magnacum
879 2691 1082 2774 negligentia
1094 2690 1194 2754 situm
1210 2689 1301 2751 urbis

180 2816 365 2879 condendae
389 2817 554 2880 tractavit.
579 2815 759 2880 Lavinium
783 2817 872 2880 enim
894 2817 1042 2880 aTiberi
1056 2813 1301 2896 fluminelcnge

182 2941 281 3017 abest,
306 2939 474 3022 situmque
497 2947 668 3022 praeterea
692 2941 727 3003 in
753 2939 940 3004 aridissima
962 2941 1105 3022 regione,
1127 2944 1164 3002 ut
1180 2941 1301 3001 testan-

183 3069 233 3126 tur
262 3065 386 3128 Fabius
417 3066 585 3128 Maximus
608 3067 660 3144 (cf.
686 3066 777 3130 Serv.
802 3065 885 3130 Aen.
909 3066 935 3142 Ι,
963 3068 993 3147 3)
1017 3071 1049 3129 et
1072 3064 1171 3127 Dion.
1195 3060 1221 3141 I,
1246 3063 1299 3125 56.

183 3187 276 3269 Qum
309 3193 427 3255 attinet
461 3192 503 3254 ad
537 3210 629 3255 suem
663 3211 738 3256 eum
772 3193 839 3256 fetu
864 3191 990 3256 Juncui
1015 3194 1204 3264 mactatam,
1229 3186 1301 3270 quis

184 3314 239 3379 boe
273 3316 471 3399 figmentum
505 3315 696 3400 improbat?
732 3316 880 3380 Aeneam
918 3317 1005 3380 Deae
1035 3317 1078 3379 ab
1108 3315 1207 3378 initio
1237 3313 1300 3376 sibi

183 3439 318 3505 infestae
349 3441 383 3503 id
405 3442 505 3524 qucd,
529 3448 567 3504 ut
590 3443 723 3524 signum
749 3441 877 3519 salutis,
900 3441 963 3505 sibi
986 3441 1192 3505 carissimum
1218 3443 1300 3503 esset

185 3570 393 3645 mactantem,
416 3571 515 3649 poeta
538 3568 607 3649 ejus
634 3566 765 3648 piatatis
790 3585 918 3630 memor
940 3565 1098 3649 depinxit.
