2956 5040
715 431 776 496 115

174 639 212 711 ὥς
242 638 297 717 μέν
326 662 401 712 τινες
432 638 576 718 λέγουσιν,
608 643 638 706 ἐν
670 642 795 723 Δωδώνη
818 642 981 722 γίναμεναν·
1007 646 1044 717 ὡς
1068 643 1094 708 δ’
1118 641 1204 725 ἕτερον
1226 643 1299 723 γραί-

175 767 290 844 φνυσνν,
313 765 343 828 ἕν
365 765 516 847 Ἐρνίραΐς
538 765 648 847 σχεδίῳ
667 772 722 840 τῆς
746 766 830 842 Ἰδης,
851 766 918 832 ἔνθα
931 769 995 849 riser
1006 768 1147 847 Σίβυλλα
1158 768 1301 850 ἐπιχωρία

176 883 282 969 νύαφη
305 888 492 970 χρησμρδὸς,
518 887 535 962 ἣ
560 891 661 963 αὐτοῖς
685 889 797 972 ἔφρασε
819 899 906 956 noris
928 889 979 957 ἐπὶ
1002 892 1122 971 δυσμῶν
1141 892 1230 966 illoc,
1249 891 1301 964 ἕως

177 1010 213 1074 ἂν
246 1011 286 1084 εἰς
320 1018 405 1079 ταῦτα
438 1015 471 1078 τὸ
500 1013 603 1096 χωρίον
634 1013 761 1089 ἔλθωσιν,
795 1015 825 1079 ἐν
855 1009 876 1096 ᾧ
901 1016 1091 1082 κατεδνῦνταν
1113 1015 1170 1090 τας
1192 1016 1301 1097 τραπέ-

176 1133 264 1215 ζας.”
299 1138 416 1202 Strabo
448 1139 591 1223 denique
620 1141 737 1205 scribit
767 1142 856 1206 Libr.
890 1140 980 1219 XIII,
1011 1164 1063 1226 pg.
1095 1143 1175 1206 608:
1198 1139 1302 1220 ,,ἔνίεν

178 1258 203 1323 δ’
234 1258 274 1332 είς
304 1259 358 1334 την
388 1261 520 1336 Λατίνην
543 1260 664 1328 ἔλίνντα
687 1263 844 1350 (Αἰνείαν)
871 1271 971 1343 μεῖναν
993 1265 1075 1331 κατα
1098 1290 1126 1331 τν
1151 1265 1246 1345 λόγιον
1268 1268 1301 1331 τὸ

178 1386 292 1450 κελεῦον
327 1383 423 1463 μίνενν
456 1383 527 1451 ὅταν
561 1385 598 1451 ἂν
627 1388 680 1461 την
711 1387 861 1469 τράπεζαν
892 1389 1073 1471 καταφαίνη·
1098 1389 1252 1468 συμβῆναι
1271 1389 1303 1454 δὲ

178 1515 231 1583 τῆς
266 1510 398 1585 Λατίνης
432 1510 497 1594 τερ)
532 1514 565 1577 τὸ
594 1513 743 1579 Λαννίνννν
773 1519 868 1587 ταῦτα,
900 1513 986 1596 ἄρτον
1016 1513 1152 1594 μεγάλαν
1174 1515 1303 1588 τείέντας

178 1633 245 1699 ἀντὶ
287 1633 435 1717 τραπέζης
469 1635 550 1700 κατα
582 1636 703 1717 ατνρίαν
737 1637 788 1701 καί
823 1636 893 1716 ἅμα
928 1637 1124 1712 ἀναλωθέντος
1158 1647 1220 1712 ταῖς
1254 1639 1301 1704 ἔτ’

179 1760 260 1841 αὐτῷ
283 1759 429 1842 κρέασιν.”

224 1888 260 1951 Si
295 1888 345 1951 bis
377 1907 463 1971 quae
497 1890 583 1953 dixit
614 1885 780 1972 Vergilius
812 1908 1055 1973 comparamus,
1087 1890 1182 1955 facile
1212 1894 1303 1973 patet

180 2031 257 2074 eum
280 2011 413 2076 fabulae
431 2019 664 2096 argumentum
685 2033 841 2090 servasse,
862 2015 917 2078 cui
937 2018 1070 2078 tautum
1089 2015 1230 2079 formam
1243 2033 1302 2078 suo

180 2137 343 2218 proposito
373 2137 528 2201 idoneam
560 2137 696 2201 dederit.
727 2137 821 2215 Sunt,
845 2139 901 2219 qui
926 2138 1005 2201 haec
1029 2138 1149 2221 frigida
1172 2138 1303 2216 dicant3

180 2261 235 2324 sed
265 2261 293 2323 si
316 2261 563 2325 consideramus
586 2268 718 2344 poetam
742 2262 892 2326 fabulam
917 2262 1012 2325 illam
1036 2262 1227 2345 indigenam
1254 2264 1303 2326 in-

181 2385 319 2462 venisse,
342 2403 442 2468 quam
471 2387 556 2450 hanc
579 2386 622 2451 ob
646 2405 780 2450 cansam
805 2387 836 2449 ei
861 2405 928 2450 uou
953 2385 1075 2450 licebat
1097 2388 1304 2469 praetermit-

181 2515 258 2587 tere,
278 2511 519 2592 expositionem
541 2511 779 2594 sImpliciorem
802 2512 1105 2595 elegantioremque
1124 2532 1224 2594 quarn
1235 2531 1304 2595 qua

183 2654 261 2698 usus
293 2641 343 2699 cst
377 2656 443 2700 non
475 2637 572 2700 facile
604 2637 812 2719 reperiemus.
844 2637 966 2720 Magna
996 2657 1075 2700 cum
1106 2642 1177 2701 arte
1212 2638 1305 2701 labu-

182 2758 248 2821 lam
282 2779 342 2824 suo
373 2761 513 2824 carmin-i
546 2761 697 2824 inseruit.
722 2758 915 2840 Oraculum,
941 2761 1121 2826 secundum
1146 2759 1227 2826 alios
1250 2762 1304 2825 vel

182 2902 202 2945 a
235 2881 318 2948 Jove
353 2885 541 2968 Dodonaeo,
573 2885 625 2948 vel
656 2904 676 2947 a
708 2885 837 2966 Sibylla
868 2887 1054 2968 Erythraea
1084 2883 1220 2963 editum,
1245 2882 1306 2950 Oe-

184 3008 280 3072 laeuo
314 3008 483 3092 Harpyiae
515 3011 679 3074 attribuit.
714 3009 830 3093 Neque
864 3011 1005 3093 Jupiter,
1037 3030 1145 3093 neque
1176 3010 1306 3093 Sibylla

183 3139 311 3198 tautam
342 3135 475 3214 famem,
508 3141 557 3199 tot
588 3135 678 3198 mala
700 3134 845 3213 Aeneae,
871 3137 1029 3200 carminIs
1052 3138 1154 3216 heroi,
1178 3137 1305 3219 praedi-

184 3278 256 3323 cere
278 3259 470 3340 potuissent,
491 3260 641 3323 hocerat
662 3257 830 3342 Harpyiae
849 3260 950 3338 dirae,
971 3279 1073 3342 quam
1088 3260 1244 3325 describit
1256 3261 1306 3325 hin

185 3384 294 3448 verbis
316 3381 380 3460 III,
406 3384 486 3446 214:
510 3383 674 3460 „Tristius
699 3383 789 3447 baud
808 3381 874 3446 illis
896 3388 1083 3448 monstrum
1103 3404 1164 3449 nec
1177 3385 1307 3449 saevior

185 3511 255 3573 ulla
277 3510 383 3574 Pestis
407 3515 440 3574 et
461 3511 512 3572 ira
536 3509 634 3572 deum
660 3509 785 3591 Stygiis
808 3528 876 3573 sese
899 3510 1019 3572 extulit
1044 3507 1170 3573 undis.”
1191 3510 1244 3574 Sic
1263 3511 1306 3574 ab

185 3635 400 3699 horribilibus
424 3634 578 3696 monstris
599 3633 678 3712 fata,
703 3651 789 3716 quae
813 3633 944 3697 Aeneae
959 3638 1119 3698 terrorem
1138 3634 1305 3717 injiciunt,

185 3763 264 3822 sunt
289 3759 466 3841 praedicta,
492 3763 526 3822 et
548 3777 652 3840 quum
676 3758 718 3821 ad
741 3759 881 3842 Epirum
905 3758 963 3823 ille
984 3759 1143 3842 appulsus
1165 3764 1223 3838 cst,
1249 3760 1308 3823 ubi

183 3883 318 3946 invenit
351 3882 529 3961 Helenum,
566 3882 693 3945 Priami
726 3882 846 3959 filium,
881 3883 1082 3948 sacerdotem
1118 3888 1305 3965 vatemque,

184 4007 277 4072 Jovis
311 4007 479 4071 Dodonaei
514 4008 675 4086 vicinum,
709 4009 752 4072 ab
782 4027 820 4072 eo
845 4027 923 4071 mox
944 4007 1122 4072 formidine
1144 4006 1303 4071 liberatus

184 4136 242 4194 cst.
268 4129 411 4207 „Nolite
433 4131 555 4193 famem
581 4136 651 4194 tam
675 4132 894 4214 perniciosam
916 4128 1130 4214 exspectare”,
1150 4129 1198 4193 sic
1209 4132 1308 4211 poeta

186 4262 218 4319 et
253 4254 402 4319 Aeneam
434 4262 466 4319 et
495 4255 630 4319 lectores
661 4261 872 4339 praemonet,
898 4261 931 4319 et
962 4256 1003 4319 ad
1025 4259 1212 4318 extremum
1236 4273 1307 4318 ram

187 4388 255 4443 tam
283 4375 480 4444 horrendam
506 4401 526 4442 a
549 4399 662 4462 puero,
685 4381 773 4459 Julo,
796 4381 992 4464 simpliciter
1014 4380 1157 4443 solutam
1178 4380 1307 4444 inveni·
