2956 5040
697 419 738 480 83

153 648 250 711 quern
274 629 366 712 regia
392 631 513 711 conjux
546 627 692 708 (Amata)
716 626 859 712 Adjuugi
881 648 1038 711 generum
1065 632 1148 694 miro
1171 650 1284 714 prope·

153 757 249 818 rabat
282 753 425 832 amore'’,
460 773 480 817 a
509 754 629 816 Latino
663 773 703 817 ex
728 754 909 835 improviso
936 754 1066 819 Aeneae
1089 758 1278 838 promissae,

155 878 288 942 Alectus
324 879 456 942 monitu
492 878 616 942 bellum
653 875 804 960 Trojanis
828 878 948 942 inferre
971 885 1115 961 paratus,
1140 899 1173 942 se
1194 880 1280 941 Lau-

154 1004 304 1067 rentibus
336 1005 378 1068 ob
412 1023 547 1068 cervum
574 1004 789 1065 vulneratum
812 1004 906 1065 iratis
925 1006 1061 1085 jamque
1085 1025 1106 1066 a
1130 1004 1280 1086 Trojauis

153 1130 342 1213 profligatis,
374 1129 539 1211 adjunxit.
568 1128 692 1190 Rerum
720 1128 858 1191 habenis
881 1147 901 1190 a
923 1128 1041 1191 Latino
1066 1130 1190 1192 relictis
1214 1130 1283 1192 dux

154 1273 176 1316 a
209 1251 431 1316 Laurentibus
464 1249 570 1315 factus
602 1256 660 1329 est,
692 1252 732 1314 ci.
765 1248 852 1330 VIII,
884 1254 916 1315 l:
942 1254 1017 1330 „Ut
1043 1253 1122 1316 belli
1145 1255 1279 1335 siguum

154 1378 314 1441 Laurenti
338 1378 470 1441 Turnus
494 1378 537 1440 ab
561 1396 635 1441 arce
656 1373 807 1455 extulit'',
829 1377 897 1440 dux
908 1383 1090 1441 ceterorum
1104 1380 1279 1442 ductorum

156 1502 249 1581 VIII,
275 1503 311 1566 5:
331 1504 521 1581 „Ductores
539 1503 639 1585 prImi
661 1504 828 1585 Messapus
840 1503 995 1582 etUIeus,
1009 1508 1280 1586 contemptorque

153 1629 254 1693 deum
278 1629 460 1692 Mezentius
484 1629 633 1709 undique
647 1633 782 1709 'cogunt
805 1627 964 1691 auxilia.”
985 1630 1036 1692 Ab
1056 1629 1142 1692 Iride
1161 1629 1281 1693 adbel·
1386 1620 1391 1628 ’

155 1755 226 1816 lum
252 1755 414 1818 excitatus
433 1755 561 1836 primus
578 1753 797 1835 Trojanorum
812 1760 920 1817 castra
932 1754 1123 1837 aggreditur
1133 1759 1167 1817 et
1178 1773 1281 1817 naves

153 1878 328 1941 incendere
350 1882 457 1960 parat,
480 1877 540 1954 IX,
569 1876 652 1939 1-7
658 1879 686 1955 5,
711 1883 783 1959 post
804 1877 908 1941 multa
927 1878 1097 1961 praeclara
1109 1881 1206 1957 tacta,
1221 1877 1279 1958 IX,

156 2004 231 2080 535,
258 2004 330 2082 691,
359 2001 421 2065 749
430 2029 439 2081 ;
464 2001 504 2081 X,
531 2004 606 2079 276,
632 2003 708 2080 308,
733 2003 933 2078 4711411414
958 1987 1280 2085 44444444444114-

155 2130 283 2192 vinium
319 2129 382 2193 sibi
419 2148 557 2193 uxorem
594 2129 671 2206 fore,
704 2129 743 2191 of.
775 2126 834 2205 XI,
866 2128 947 2190 eto:
980 2128 1106 2204 „Vobis
1129 2129 1279 2191 animam

156 2256 240 2318 hauc
262 2272 437 2336 soceroque
461 2253 580 2316 Latino
605 2253 739 2315 Turnus
762 2271 832 2334 ego,
859 2252 946 2314 haud
968 2252 1029 2314 ulli
1051 2257 1202 2314 veterum
1217 2253 1279 2314 vir·

153 2384 225 2442 tute
259 2380 430 2456 secundus,
461 2377 624 2454 Devovi'',
658 2378 883 2459 Latinumque
915 2377 1087 2458 alloquens
1118 2377 1194 2455 XII,
1222 2379 1279 2440 13:

22 2552 29 2561 .
153 2505 246 2582 „Fer
268 2523 371 2584 sacra,
395 2509 499 2586 pater,
523 2508 555 2567 et
580 2505 715 2586 concipe
741 2502 883 2581 foedus'',
910 2504 1043 2567 tandem
1068 2524 1144 2566 cum
1164 2502 1279 2569 Aenea

153 2648 300 2712 pugnarn
336 2629 539 2712 singularem
576 2629 640 2690 init
671 2633 704 2691 et
735 2628 778 2691 ab
803 2647 841 2691 eo
866 2629 990 2691 occisus
1013 2633 1071 2691 est.
1096 2629 1150 2692 Sic
1173 2629 1279 2691 Turni

154 2775 249 2818 amor
279 2775 388 2833 causa,
411 2757 481 2837 ejus
512 2773 600 2817 mors
624 2754 698 2816 finis
725 2758 773 2817 est
798 2753 887 2831 beili,
910 2754 998 2834 quod
1022 2754 1188 2837 Vergilius
1211 2773 1279 2817 oar-

156 2880 244 2943 mine
278 2879 469 2944 celebravit.
506 2876 583 2941 Jam
614 2878 694 2968 quid
725 2877 764 2941 de
796 2878 893 2960 hujus
927 2878 992 2939 viri
1015 2879 1142 2960 origine
1165 2882 1278 2942 narret

153 3011 251 3088 poeta
272 3005 501 3087 inspiciamus.

197 3131 351 3214 Legimus
380 3125 457 3206 VII,
488 3129 544 3191 56:
569 3128 731 3207 „Turnus
758 3130 830 3192 avIs
854 3130 1024 3211 atavisque
1048 3128 1192 3212 potens'’,
1217 3128 1276 3208 IX,

155 3256 192 3317 3:
216 3255 335 3333 „Luco
358 3260 431 3318 tum
456 3255 538 3317 forte
561 3255 706 3336 parentis
730 3252 878 3317 Pilumni
903 3253 1034 3316 Turnus
1046 3258 1174 3317 sacrata
1189 3253 1277 3316 valle

154 3378 317 3459 sedebat”,
341 3377 381 3459 X,
408 3380 467 3443 75:
490 3380 563 3454 „Et
585 3380 695 3461 patria
721 3379 874 3442 Turnum
900 3381 1076 3443 consistere
1102 3383 1200 3454 terra,
1224 3380 1277 3442 cui

154 3505 331 3568 Pilumnus
360 3523 453 3582 avus,
478 3504 531 3567 cui
562 3504 641 3567 diva
666 3503 801 3568 Venilia
827 3503 962 3566 mater’'.
988 3503 1152 3566 Audimus
1175 3504 1277 3566 Juno·

155 3649 233 3694 nem
257 3630 375 3695 Jovem
399 3629 633 3712 alioquentem,
658 3629 700 3708 X,
724 3631 802 3692 614:
830 3629 936 3707 „Non
955 3630 1014 3693 hoc
1035 3630 1117 3691 mihi
1131 3646 1278 3711 namque

155 3772 301 3838 negares,
331 3751 559 3836 Omnipotens,
590 3751 671 3835 quin
704 3758 736 3815 et
766 3772 895 3836 pugnae
917 3753 1098 3816 subducere
1121 3752 1275 3816 Turnum

155 3885 187 3942 ct
224 3881 346 3942 Dauno
380 3898 506 3961 possem
540 3879 742 3942 incolumem
782 3898 911 3942 servare
947 3880 1078 3962 parenti
1080 3926 1180 3958 .....
1216 3877 1278 3943 Ille

157 4003 312 4087 (Turnus)
339 4008 449 4067 tamen
483 4006 596 4066 nostra
619 4003 752 4066 deducit
777 4004 904 4086 origiue
929 4023 1060 4067 nornen.
1086 4004 1277 4066 Pilumnus·

155 4148 219 4212 que
241 4129 296 4192 ilii
323 4133 461 4212 quartus
484 4125 609 4212 pater,''
633 4128 751 4192 deinde
778 4130 860 4191 688:
884 4129 957 4205 „Et
979 4130 1082 4211 patris
1105 4130 1278 4210 antiquam

157 4255 267 4318 Dauni
299 4254 443 4319 defertur
466 4255 507 4316 ad
532 4255 646 4317 urbem
671 4252 872 4337 (Ardeam)'’,
897 4274 1002 4336 quum
1025 4254 1157 4316 Turnus
1181 4255 1280 4317 mori·

156 4386 248 4444 turus
267 4378 414 4443 Aeneam
426 4380 573 4443 obsecrat
587 4375 663 4456 XII,
677 4378 757 4440 934:
772 4378 913 4455 „Dauni
929 4378 1082 4441 miserere
1095 4377 1279 4456 seuectae’',
