2956 5040
722 390 761 452 37

229 600 341 683 Quum
367 603 509 686 denique
534 603 721 667 Alexandra
740 603 1021 685 consanguineum
1042 622 1138 666 suum
1162 603 1195 664 iu
1217 602 1296 684 Tyr-

186 730 303 792 rhenia
328 730 435 812 pingit
458 748 533 792 cum
554 728 757 810 aequalibus,
783 728 882 792 Ulixe
901 735 940 792 ‘et
963 728 1133 792 Tarchone
1156 727 1295 809 Tyrrhe·

186 874 304 937 noque,
339 856 415 918 tiliis
445 853 590 936 Telephi,
622 854 732 918 loedus
758 856 967 937 jungentem,
999 855 1150 918 oratione
1180 858 1296 917 suaet

186 980 384 1042 vaticinanti
408 985 439 1043 et
464 998 548 1061 vaga
570 979 662 1043 nullo
683 978 779 1042 modo
799 979 833 1040 in
848 984 1033 1060 temporum
1048 978 1294 1060 ordinepeccet.

184 1104 332 1168 Naevius
349 1110 463 1168 contra
476 1103 622 1168 Aeneam
635 1124 693 1187 per
704 1104 806 1167 filiam
820 1124 921 1167 avum
934 1103 1071 1169 Romuli
1084 1105 1169 1182 facit,
1182 1105 1295 1187 itaque

187 1230 273 1294 hunc
296 1231 442 1294 ordinem
469 1251 533 1294 non
554 1238 657 1294 curat.
677 1228 758 1294 Cato
779 1236 890 1294 autem
903 1220 1081 1294 secundum
1097 1227 1292 1312 Dionysium

184 1356 211 1435 Ι,
238 1357 288 1434 74,
312 1349 452 1420 Romam
477 1359 723 1441 quadringentis
747 1359 883 1440 triginta
906 1364 939 1421 et
962 1357 1087 1422 duobus
1109 1357 1206 1420 anuis
1224 1363 1296 1440 post

186 1481 308 1545 bellum
333 1483 513 1565 Trojanum
538 1483 703 1546 conditam
728 1483 865 1566 scripsit,
886 1482 1053 1566 Vergilius
1077 1482 1160 1546 Aen.
1180 1483 1205 1560 I,
1220 1484 1295 1558 272,

184 1608 300 1671 Livius
324 1609 349 1680 Ι,
376 1610 426 1687 29,
451 1610 600 1672 Iustinus
624 1609 740 1687 XLIII,
763 1610 791 1686 1,
807 1611 857 1686 13,
871 1610 931 1673 boc
942 1610 1158 1673 intervallum
1172 1615 1293 1674 trecen·

182 1738 233 1796 tos
265 1753 368 1817 annos
401 1733 499 1796 fuisse
522 1741 668 1812 narrant,
694 1731 872 1815 Dionysius
894 1740 1006 1798 autem
1030 1735 1057 1813 Ι,
1083 1734 1133 1813 70,
1156 1736 1294 1818 primus,

183 1856 317 1923 Catonis
339 1860 502 1923 rationem
527 1865 667 1937 secutus,
688 1865 721 1923 et
739 1861 875 1923 nomina
895 1862 1047 1925 omnium
1061 1881 1175 1945 regom
1189 1861 1294 1926 Albae

183 1986 314 2068 Longae
339 1991 373 2048 et
395 2006 570 2049 numerum
596 2005 760 2049 annornm
786 2005 844 2068 per
863 2005 944 2068 quos
963 1993 1185 2070 regnaverunt
1199 1988 1294 2052 nobis

181 2111 334 2194 proponit
340 2137 349 2189 5
375 2130 392 2174 e
412 2111 542 2193 quibus,
563 2147 605 2156 —
618 2130 822 2194 quamquam
836 2109 975 2176 Ovidius
987 2131 1119 2194 quoque
1132 2113 1294 2176 nonnulla

127 2259 129 2263 ·
181 2256 295 2318 regum
319 2237 458 2301 nomina
482 2238 583 2301 tradit
605 2237 643 2301 cf.
664 2237 742 2302 Met.
763 2236 855 2316 XIV,
877 2237 950 2315 609,
964 2238 1094 2303 etFast.
1113 2238 1171 2316 IV,
1185 2237 1294 2317 41,-

180 2364 291 2426 denuo
326 2368 416 2445 patet
449 2368 481 2425 et
515 2368 674 2445 quantam
709 2382 839 2445 operam
873 2361 930 2428 ille
958 2364 993 2425 in
1017 2364 1112 2447 prisci
1138 2366 1293 2447 temporis

179 2508 232 2552 res
265 2493 354 2552 actas
390 2489 614 2571 componendo
649 2490 868 2552 consumserit
901 2494 933 2552 et
966 2490 1108 2568 fortasse,
1139 2526 1182 2537 —
1213 2509 1292 2553 nam

178 2615 319 2678 nomina
347 2615 440 2680 nullo
466 2615 561 2678 modo
586 2615 748 2696 originem
772 2614 933 2679 Graecam
957 2616 1075 2694 celant,
1098 2622 1291 2699 -quanta

178 2742 324 2824 fingendi
347 2747 418 2805 arte
441 2741 607 2825 praeditus
630 2739 740 2804 fuerit.

224 2867 298 2930 Jam
330 2868 481 2950 deinceps
510 2867 658 2950 quaestio
688 2867 889 2931 instituenda
917 2868 980 2930 erit
1003 2887 1066 2951 quo
1092 2872 1236 2952 tempore
1258 2873 1297 2959 et

179 3012 281 3076 quam
313 2995 355 3058 ob
385 3013 517 3056 causam
544 2992 689 3056 Romani
713 2991 776 3056 sibi
799 2993 959 3075 originem
983 2993 1157 3076 Trojanam
1184 2993 1289 3055 vindi·

179 3121 297 3184 carint.
321 3119 529 3201 Thucydides
551 3138 601 3182 res
621 3120 741 3201 priscas
763 3119 896 3182 Siciliae
909 3122 1051 3183 tractans
1063 3124 1175 3181 narrat
1187 3118 1245 3195 VI,
1260 3118 1289 3196 1,

178 3245 299 3327 oppida
327 3246 468 3325 Erycem
492 3246 712 3327 Egestamque
734 3241 889 3307 Phocaeis
913 3224 1148 3307 comitantibus
1171 3263 1191 3307 a
1214 3243 1291 3308 Tro·

173 3369 272 3452 jonis,
295 3369 352 3451 qni
375 3368 472 3451 Troja
492 3368 679 3451 effugerant,
700 3368 832 3431 condita
851 3387 928 3430 esse.
949 3367 1166 3449 Trojauorum
1187 3369 1290 3451 igitur

178 3495 220 3557 ad
252 3495 309 3557 has
339 3495 486 3577 regiones
519 3494 670 3577 migratio
703 3494 847 3557 multum
871 3498 947 3555 ante
971 3493 1058 3557 bella
1081 3494 1206 3558 Punica
1229 3513 1288 3576 pro

177 3627 266 3685 certo
299 3621 446 3684 habetur.
479 3620 634 3694 Foedera,
666 3638 751 3702 quae
782 3619 925 3682 Romani
948 3623 980 3682 et
1004 3617 1287 3702 Carthaginienses
1376 3633 1378 3637 ’

177 3766 239 3810 sec.
269 3747 385 3829 Polyb.
416 3746 473 3823 III,
506 3747 557 3823 22,
582 3747 632 3823 24,
656 3712 812 3823 fecerunt,
838 3765 895 3808 uos
918 3745 957 3808 de
979 3765 1093 3808 eorum
1119 3746 1286 3810 ruaritimo

177 3873 372 3937 commercio
395 3872 547 3936 certiores
569 3872 704 3934 faciunt.
729 3871 848 3935 Utrum
874 3891 911 3935 eo
937 3871 989 3935 vel
1012 3872 1077 3935 alio
1097 3872 1194 3936 modo
1214 3872 1288 3937 Tro·

172 4001 325 4081 janorum
361 3998 480 4080 posteri
509 4017 544 4060 re
575 4016 654 4059 vera
684 3998 726 4060 ad
754 3997 839 4060 Latii
864 3997 976 4060 littora
998 3999 1210 4080 pervenerint
1233 4016 1286 4076 au,

176 4125 264 4207 quod
289 4125 415 4186 multae
437 4122 556 4186 Italiae
579 4123 674 4186 urbes
693 4128 868 4207 gentesque
889 4144 949 4187 soa
970 4123 1105 4186 nomina
1125 4144 1145 4186 a
1163 4125 1287 4207 graecis

177 4251 331 4314 heroibus
361 4251 566 4327 deducerent,
598 4249 703 4312 altera
731 4271 814 4333 pars,
836 4251 1023 4314 inimicitiis
1054 4251 1202 4332 rixisque
1226 4252 1288 4313 im·

176 4377 280 4460 pulsa,
304 4377 366 4440 sibi
394 4375 569 4457 Trojanam
594 4375 756 4458 originem
783 4377 1011 4453 vindicaverit,
1035 4377 1108 4458 quis
1132 4377 1287 4441 dirimet?
