2956 5040
714 703 769 763 IV.

220 925 375 990 Horatius
398 929 467 992 Set.
490 929 517 1009 I,
544 932 572 1008 7,
597 950 644 993 vs.
668 932 729 994 26:

486 1099 962 1119 ...............
986 1056 1121 1120 Ruebut

286 1171 429 1238 Flumen
453 1184 491 1240 ut
516 1179 703 1256 hibernum,
727 1179 832 1243 fertur
853 1198 920 1261 quo
946 1199 1024 1242 rere
1047 1183 1181 1245 securis.

220 1300 409 1383 legendum
433 1310 499 1366 est:
522 1304 585 1366 fert
607 1305 696 1386 quod
719 1304 862 1366 ramelia
884 1324 1009 1370 seeum.

717 1613 755 1672 V.

221 1832 337 1917 Nepos.
362 1832 491 1900 Cimon.
515 1836 573 1900 III.
597 1840 628 1900 4.
652 1839 723 1920 (Ed.
747 1836 880 1920 Cobet):

220 1961 256 2022 iu
270 1962 420 2024 morbum
433 1962 617 2044 implicitus
631 1962 778 2046 (Cimon)
790 1965 827 2026 in
840 1966 961 2046 oppido
974 1965 1064 2028 Citio
1078 1973 1233 2032 mortuus
1245 1975 1327 2032 est.

222 2085 285 2147 Pro
308 2084 477 2169 „oppido”
501 2086 677 2168 legendum
703 2096 768 2151 est:
793 2090 1024 2171 oppugnando.

711 2370 766 2430 VI.

222 2597 410 2661 Sallustius.
434 2596 482 2661 De
505 2595 589 2680 conj.
613 2594 711 2660 Catil.
740 2600 790 2675 19,
817 2597 854 2661 5:

265 2743 436 2805 nunquam
462 2721 625 2804 Hispanos
648 2730 821 2805 praeterea
845 2724 911 2787 tale
935 2725 1064 2788 facinus
1086 2726 1210 2803 fecisse,

264 2849 319 2912 sed
343 2850 484 2932 imperia
505 2867 603 2911 saeva
629 2848 734 2911 multe
756 2854 855 2913 antee
877 2868 1054 2932 perpessos.

221 2974 368 3037 Verbum
393 2971 497 3051 „sed”
521 2973 777 3056 expungendum
803 2980 861 3039 est.

699 3255 769 3316 VII.

221 3487 407 3564 Suetonius,
431 3483 507 3549 Div.
532 3485 669 3568 August.
694 3487 754 3548 40:

219 3614 329 3678 Etiam
356 3613 506 3676 habitum
533 3611 756 3693 vestitumque
780 3611 958 3693 pristinum
985 3612 1140 3676 reducere
1160 3615 1296 3692 studuit,

175 3760 214 3804 ee
238 3739 309 3802 vise
330 3737 497 3819 quondam
521 3755 580 3818 pro
605 3736 760 3799 contione
784 3734 987 3818 pullatorum
1012 3738 1119 3814 turba,
1146 3738 1297 3822 indigna·

177 3865 307 3929 bundus
330 3870 363 3926 et
386 3861 581 3926 clamitans:
604 3861 686 3937 „En
706 3860 884 3937 Romanos,
905 3879 1016 3923 rerum
1039 3861 1199 3939 dominos,
1220 3882 1297 3945 gen·

176 3998 309 4071 temque
352 3985 538 4071 togatam!”
581 3986 751 4068 negotium
787 3985 950 4048 aedilibus
986 3985 1083 4061 dedit,
1118 4004 1161 4048 ne
1195 4006 1295 4069 quem

174 4116 308 4198 posthac
343 4117 533 4197 paterentur
565 4111 600 4173 in
636 4112 706 4174 foro
739 4111 869 4174 oireove
904 4111 969 4172 nisi
1005 4109 1118 4194 positis
1154 4111 1294 4176 lacernis

177 4248 327 4325 togatum
351 4241 537 4304 consistere.

219 4366 283 4428 Pro
307 4360 561 4447 „pullatorum”
585 4361 823 4425 restituendum
849 4365 912 4423 est:
936 4361 1162 4442 palliatorum.
