2956 5040
796 332 836 392 56

258 541 340 604 urbe
375 545 566 621 erumpunt,
602 540 712 622 copias
747 539 855 617 Lausi,
901 539 962 601 filii
995 540 1157 617 Mezentii,
1190 538 1378 621 profligant,

256 666 368 748 ipsum
396 687 472 730 cum
496 666 609 730 multis
632 668 784 731 occidnut
808 672 841 730 et
865 667 1064 730 Mezentium
1091 672 1127 729 ut
1149 685 1263 748 pacem
1287 670 1380 748 petat

255 796 389 874 cogunt.
430 791 572 855 Foedere
608 793 673 857 icto
704 792 884 856 Mezentius
920 813 996 855 cum
1028 793 1095 855 suis
1118 791 1220 873 copiis
1243 790 1377 853 Latium

260 917 395 999 reliquit
431 922 463 981 et
499 918 653 981 omnibus
683 918 911 982 simultatibus
946 918 1099 1001 depositis
1122 918 1158 979 in
1180 916 1377 980 Latinorum

262 1043 413 1105 amicitia
435 1049 626 1106 constanter
649 1044 780 1106 mansit.

307 1169 423 1231 Livius
458 1170 567 1251 operis
600 1170 651 1233 sui
687 1170 786 1233 initio
819 1167 952 1232 Aeneae
983 1170 1164 1232 adventurn
1197 1173 1229 1232 et
1258 1186 1312 1231 res
1341 1168 1377 1230 in

260 1295 354 1358 Latio
387 1300 492 1378 gestas
524 1296 624 1358 tradit
660 1295 756 1359 modo
787 1314 882 1378 saepe
910 1296 953 1359 ab
985 1295 1059 1357 aliis
1083 1295 1300 1376 discrepante.
1325 1293 1380 1358 Sic

261 1418 391 1482 dubitat
426 1425 540 1481 utrum
575 1419 714 1482 Latinus
748 1419 872 1501 proelio
907 1425 1048 1497 coactus,
1080 1438 1124 1481 an
1154 1416 1378 1482 admiratione

259 1544 414 1626 impletus
447 1542 594 1607 Aeneam
626 1545 660 1606 in
694 1544 832 1626 hospitio
863 1545 1034 1627 acceperit.
1065 1543 1206 1620 Turnus,
1230 1564 1286 1607 rex
1311 1544 1380 1607 Ru-

264 1668 423 1747 tulorum,
467 1639 601 1750 propter
643 1670 817 1731 Laviniani
862 1668 993 1733 Aeneae
1026 1669 1213 1751 Latinoque
1249 1668 1378 1732 bellum

262 1796 372 1858 infert.
406 1796 543 1858 Latinus
574 1796 696 1859 occisus
727 1801 783 1859 est.
815 1795 946 1859 Turnus
978 1815 1054 1859 cum
1087 1793 1219 1858 Rutulis
1246 1795 1288 1857 ad
1313 1794 1384 1858 Me·

262 1922 419 1997 nentium,
450 1921 665 1984 Etruscorum
697 1941 817 2004 regem,
841 1922 898 2003 qui
923 1919 1035 2000 Caere,
1060 1922 1238 2004 imperitat,
1262 1921 1345 1985 conf
1366 1956 1381 1968 ·

262 2047 320 2128 git.
353 2048 498 2110 Aeneam
524 2047 770 2129 aggrediuntur,
793 2048 863 2111 acie
889 2047 1078 2130 confligunt,
1100 2047 1188 2129 quod
1211 2046 1380 2129 proelium

263 2173 394 2236 Aeneae
419 2171 575 2235 ultimum
601 2172 792 2235 mortalium
816 2192 953 2255 operum
977 2172 1052 2236 fuit.
1078 2172 1168 2235 Situs
1185 2178 1242 2251 est,
1264 2191 1383 2255 quern-

264 2317 392 2380 cunque
427 2317 503 2361 enm
539 2298 603 2361 dici
635 2301 689 2381 jus
723 2298 836 2381 fasque
869 2304 927 2375 est,
962 2317 1060 2380 super
1094 2296 1288 2362 Numicium
1323 2300 1383 2363 ilu-

262 2427 367 2502 vium,
410 2425 527 2489 lovem
565 2399 753 2507 ⁴Indigetem
796 2424 973 2507 appellant.
1019 2423 1187 2501 Ascanius,
1227 2424 1381 2489 nondum

262 2552 358 2613 annis
395 2555 554 2626 maturus,
590 2549 623 2611 in
663 2551 824 2613 Laviniae
860 2551 997 2614 tutelam
1033 2552 1192 2633 pervenit.
1228 2551 1383 2617 Affirmat

262 2683 376 2739 autem
411 2674 526 2738 Livius
560 2695 595 2739 se
629 2677 754 2739 nescire
789 2681 902 2739 utrum
936 2678 989 2740 hio
1021 2676 1193 2754 Ascanius,
1217 2677 1383 2744 Laviniae

263 2802 351 2864 filius
375 2803 483 2865 sitan
507 2804 621 2885 maj0r,
644 2820 744 2884 quam
772 2803 834 2880 hio,
859 2801 983 2868 Oreiisa
1005 2809 1104 2867 natus
1115 2822 1287 2886 comesque
1300 2805 1383 2870 inde

263 2933 420 3010 paternae
442 2928 548 3011 fugae,
574 2948 682 3012 quem,
702 2928 818 2991 Julum
842 2930 996 3007 eundem,
1016 2929 1197 3011 Juliagens
1210 2934 1383 2994 auctorem

264 3057 408 3117 nominis
442 3056 492 3117 sui
528 3061 705 3137 nuncupet,
736 3092 780 3100 —
811 3060 926 3119 narrat
950 3062 1061 3119 tamen
1085 3056 1174 3120 huno
1198 3055 1383 3122 Ascanium

264 3181 440 3243 Lavinium
469 3181 625 3243 Laviniae
646 3180 827 3263 reliquisse,
846 3182 964 3245 deinde
988 3181 1108 3244 Albam
1132 3183 1278 3264 Longam
1302 3201 1383 3246 con·

265 3307 394 3370 didisse.

310 3432 406 3514 Apud
428 3432 518 3494 Serv.
543 3431 584 3494 ad
608 3433 689 3495 Aen.
714 3432 773 3510 XI,
798 3433 872 3511 316,
897 3434 977 3496 haec
1001 3433 1172 3516 leguntur:
1194 3435 1382 3512 „hocloco

265 3556 414 3622 Donatus
448 3557 571 3620 erravit
605 3558 714 3622 dicens
748 3579 874 3641 agrum,
906 3578 1006 3640 quem
1037 3560 1175 3623 Latinus
1197 3561 1319 3625 donare
1344 3583 1383 3628 se

264 3683 415 3767 disponit,
451 3703 518 3747 esse
548 3685 584 3747 in
609 3681 790 3767 Campania
809 3687 907 3767 juxta
930 3685 1085 3749 Ufentem
1107 3687 1260 3764 fluvium,
1284 3690 1382 3771 cujus

264 3817 366 3873 terras
397 3811 523 3874 vicinas
554 3811 650 3874 Tusci
674 3811 854 3893 aliquando
879 3817 1064 3889 tenuerunt,
1093 3813 1225 3876 atinde
1247 3814 1379 3879 dictum

264 3938 322 3999 sit:
355 3936 488 4013 „Tusco
521 3935 602 3999 mihi
626 3937 795 4019 proximus
818 3934 943 3998 amni.’'
968 3937 1047 4019 Agit
1071 3938 1171 3999 etiam
1199 3939 1258 4001 hoc
1281 3957 1380 4022 argu-

265 4069 384 4139 mento,
419 4063 508 4145 quod
541 4062 610 4125 illic
645 4068 692 4124 est
725 4062 822 4139 locus,
848 4063 903 4144 qui
927 4062 1022 4125 hodie
1045 4063 1202 4126 Pinetum
1229 4070 1380 4129 vocatur.

263 4188 325 4250 Sed
349 4191 478 4251 constat,
497 4187 557 4248 illa
580 4187 650 4251 loca
673 4187 786 4250 omnia
812 4206 879 4250 esse
904 4188 1110 4268 campestria,
1137 4206 1195 4250 nec
1219 4189 1378 4269 procedit,

264 4312 350 4397 quod
385 4312 521 4378 dicitur:
556 4309 674 4391 „Celsi
709 4313 805 4399 plaga
839 4313 938 4400 pinea
963 4311 1192 4378 montis'’....
1219 4314 1305 4377 unde
1329 4333 1377 4378 se-
