2956 5040
750 357 813 420 120

216 587 287 644 cos;
318 586 361 630 ex
391 567 452 630 boc
480 566 629 649 prodigio
659 570 734 648 post
763 565 945 628 lavinium
968 563 1139 628 conditum
1164 563 1257 626 annis
1280 560 1333 623 tri·

215 693 313 776 ginta
335 693 417 754 haec
440 691 519 754 urbs
541 692 639 770 sacta,
660 697 795 773 propter
815 691 961 754 colorem
983 690 1097 754 suiset
1108 688 1171 753 loci
1182 690 1335 751 naturam
1437 717 1441 721 ·

215 816 302 880 Alba
324 816 441 897 Longa
463 815 573 879 dicta''
596 822 631 879 et
653 816 690 878 in
708 816 793 879 ltu.
814 813 859 894 II,
880 817 912 893 4,
935 816 994 877 18:
1007 815 1075 891 „In
1088 835 1152 897 quo
1165 812 1334 897 (portento)

214 941 299 1004 illud
321 939 595 1022 antiquissimum
617 941 719 1004 fuisse
744 941 912 1020 scribitur,
935 942 1019 1023 quod
1046 960 1100 1003 sus
1124 940 1253 1004 Aeneae
1275 937 1334 999 La-

215 1065 301 1126 vinii
323 1061 424 1126 XXX
445 1084 560 1146 porcos
581 1067 746 1148 pepererit
767 1065 872 1129 albas.
891 1065 1008 1148 Itaque
1028 1065 1113 1147 quod
1125 1061 1334 1146 portenderit,

215 1189 341 1252 factum
370 1187 474 1250 XXX
504 1191 612 1265 aunis,
644 1194 684 1252 ut
714 1189 929 1253 Lauinienses
952 1190 1154 1253 trandiderint
1176 1187 1334 1269 oppidum

215 1312 350 1377 Albam.
375 1312 482 1395 Hujus
504 1315 572 1376 suis
594 1333 633 1376 ae
654 1333 831 1396 porcorum
850 1315 952 1377 etiam
972 1333 1062 1377 nunc
1080 1311 1220 1392 vestigia
1239 1329 1337 1392 appa

218 1444 294 1501 rent
316 1437 469 1515 Lavinii;
493 1439 581 1521 quod
604 1445 639 1502 et
658 1439 839 1502 simulacra
862 1458 978 1502 corum
997 1437 1232 1503 abeneaetiam
1247 1455 1336 1500 nunc

215 1567 251 1627 in
283 1564 415 1645 publico
448 1565 567 1647 posita,
591 1571 624 1627 et
645 1583 764 1646 corpus
787 1565 903 1626 matris
926 1564 971 1628 ab
992 1561 1223 1639 sacerdotibus,
1247 1562 1336 1644 quod

214 1693 250 1754 in
282 1690 409 1753 salsura
431 1691 541 1766 fuerit,
565 1688 843 1754 demonstratur.''
867 1687 1041 1752 (lassaret
1061 1687 1220 1749 Lutatius
1244 1687 1335 1750 deni·

217 1835 282 1897 que
302 1816 499 1898 scripserant
519 1815 571 1894 (cf.
591 1814 719 1878 Krause
738 1833 793 1896 pg.
811 1814 905 1893 319lr
925 1812 1159 1891 „recordatum
1173 1810 1335 1886 Aeneam,

214 1939 304 2023 quod
334 1938 518 2021 aliquando
554 1939 587 2000 ei
616 1957 808 2021 responsum
832 1944 924 2015 met,
948 1936 1025 1998 urbi
1047 1935 1238 2000 condendae
1259 1954 1336 2016 qua·

213 2063 393 2146 drupedem
423 2064 571 2126 suturam
594 2063 723 2126 ducem.
747 2063 834 2127 Tum
858 2062 1047 2126 simulacris
1068 2061 1208 2125 deorum
1231 2062 1335 2125 Pena·

215 2189 300 2251 tium
322 2194 547 2269 prosecutum,
570 2193 673 2270 atque
695 2188 805 2266 illum,
827 2187 884 2250 nbi
902 2185 963 2249 illa
979 2166 1158 2269 procubuit
1169 2186 1335 2269 enixeque

214 2318 263 2375 est
291 2312 442 2393 porculos
474 2313 620 2394 triginta,
643 2313 769 2375 ibidem
799 2309 1018 2393 auspicatum,
1040 2314 1214 2392 postquam
1239 2310 1335 2373 Lavi-

215 2437 312 2498 nium
335 2434 453 2499 dixit.'’
476 2437 596 2500 Poetae
620 2437 722 2498 nimis
744 2435 873 2500 difficile
896 2435 1012 2497 fuisset
1035 2435 1154 2497 barum
1174 2435 1335 2499 narratio·

213 2580 296 2622 num
320 2561 449 2623 nullam
473 2561 577 2642 sequi,
600 2566 749 2624 attamen
769 2579 870 2643 quam
889 2566 1022 2623 secutum
1032 2557 1074 2622 sit
1084 2563 1227 2622 statuere
1240 2559 1337 2623 nobis

214 2703 347 2768 quoque
370 2684 607 2747 difficillimum
631 2691 689 2748 est.

259 2809 359 2872 Suem
395 2814 429 2871 et
463 2809 602 2891 triginta
630 2810 781 2891 porculos
811 2810 998 2892 prodigium
1020 2810 1064 2874 ab
1087 2809 1200 2873 Aenea
1222 2811 1336 2873 visum

214 2934 314 2997 fuisse
345 2953 461 2998 omnes
484 2936 707 2998 consentiunt.
730 2937 926 3018 Lycophron
949 2941 1063 2998 tamen
1086 2954 1180 2999 suem
1204 2935 1337 3018 nigram

214 3059 305 3137 dicit,
330 3058 472 3141 ejusdem
497 3060 592 3123 albus
615 3060 706 3124 color
727 3061 844 3123 ceteris
867 3061 974 3143 magis
999 3059 1117 3142 placet.
1140 3057 1234 3123 Idem
1260 3079 1336 3127 cam

213 3183 257 3246 ab
291 3185 405 3247 Aenea
437 3203 455 3246 e
490 3184 629 3248 collibus
659 3182 768 3248 Idaeis
800 3185 974 3249 advectam
1004 3190 1129 3263 narrat,
1162 3189 1199 3248 nt
1229 3182 1336 3250 Varro

191 3325 355 3388 unoque,
388 3313 571 3372 ceterorum
603 3308 718 3372 nullus
745 3328 820 3372 eam
850 3309 893 3373 ad
914 3309 1064 3373 fluminis
1084 3310 1193 3392 ripam
1216 3309 1338 3374 inven-

213 3436 283 3493 tam
307 3431 402 3495 nobis
426 3434 582 3514 proponit
603 3434 668 3496 nisi
690 3434 868 3516 Vergilius.

258 3552 504 3634 Quaerentibus
535 3556 632 3620 nobis
662 3556 742 3638 quid
774 3557 878 3620 scrofa
901 3562 1072 3635 monstret,
1095 3576 1220 3637 omnes,
1242 3577 1338 3640 prae·

215 3685 265 3741 ter
287 3679 442 3757 Fabium,
466 3682 526 3762 qui
547 3700 622 3744 eam
646 3682 688 3744 sd
710 3682 834 3745 Albam
856 3683 1004 3765 Longam
1028 3683 1213 3764 confugisse
1229 3685 1337 3748 sumit

214 3811 246 3868 et
284 3802 434 3868 Cassium
469 3807 662 3885 Hemiuam,
696 3809 755 3889 qui
790 3809 977 3891 prodigium
1012 3809 1157 3872 Romam
1192 3814 1336 3873 transtu·

213 3928 263 4007 lit,
304 3948 378 3991 eam
420 3930 601 3993 Lavinium
645 3933 704 3995 ubi
745 3930 881 4014 Trojani
916 3932 1106 3995 habitarent
1138 3933 1334 4015 designasse,

212 4054 419 4138 respondent.

257 4177 500 4259 Quaerentibus
524 4188 638 4245 tamen
661 4180 740 4264 quid
765 4183 902 4265 triginta
919 4184 1053 4264 porcelli
1078 4183 1194 4248 docere
1216 4185 1332 4265 velint,

215 4305 341 4368 mirum
375 4306 552 4369 discrimen
586 4307 780 4389 reperimus.
810 4308 1006 4390 Lycophron
1038 4309 1130 4371 enim
1152 4328 1333 4373 numerum
