2956 5040
729 329 767 391 71

184 535 319 601 Italiam
352 559 427 602 oum
461 557 582 622 magna
608 537 732 603 Graece
756 539 966 620 loquentium
991 539 1085 621 copia
1109 539 1302 622 interpreta-

185 666 266 741 tum,
289 663 356 726 dici
379 669 531 747 coeptum
556 663 755 728 Rhomaur.''

227 787 425 851 Plutarchus
437 789 552 853 scribit
563 788 660 853 Rom.
672 790 723 865 21,
734 790 751 849 2
764 812 771 850 :
784 785 871 866 „Tin
883 786 915 852 δὲ
927 785 1102 868 Καρμένταν
1114 785 1220 853 οίονταί
1228 811 1303 862 τινες

183 916 286 990 μοῖραν
317 905 386 975 εἶναι
408 910 504 992 κυρίαν
527 911 674 992 οίνίριίτον
699 910 849 989 γενέσεως·
874 912 914 977 διδ
937 910 989 976 καί
1011 916 1133 990 τιμῶσιν
1157 913 1248 986 αὐτην
1272 913 1304 978 αί

183 1032 315 1114 μητέρες.
340 1030 370 1098 οἵ
387 1033 419 1099 δὲ
442 1033 495 1106 την
520 1039 570 1099 τοῦ
594 1032 741 1115 Εὔανδρον
764 1039 816 1098 τοῦ
839 1034 983 1115 ’λρκοίδοο
1003 1041 1139 1113 γυναῖκα,
1160 1038 1305 1112 μαντικήν

182 1181 248 1222 τινα
279 1157 331 1222 καί
362 1157 560 1238 Φοιβαττικην
592 1158 744 1240 ἐμμέτρων
772 1162 916 1240 χρησμῶν
939 1157 1106 1236 γενομένην,
1131 1158 1306 1239 Καρμένταν

182 1285 423 1362 ἐπονομασθῆναι.
448 1284 632 1364 Νικοστρέτη
658 1284 690 1348 δὲ
713 1279 746 1358 ἦν
769 1281 861 1362 ὄνομα
885 1283 975 1365 κύριον
993 1284 1100 1364 cnm?
1123 1283 1304 1370 (Καρμέντα

181 1429 203 1471 a
228 1410 336 1473 verbis
358 1409 521 1488 „carere”
543 1414 575 1473 ct
599 1409 769 1492 ,‚meus’').

228 1534 324 1616 Apud
348 1532 548 1598 Pausaniam
573 1535 716 1617 legimus
739 1533 834 1611 VIII,
858 1536 912 1610 42,
940 1537 975 1597 2ι
1003 1582 1021 1611 „
1031 1531 1183 1614 Εὔανδρον,
1203 1532 1304 1598 ταῑδα

180 1657 208 1720 δ’
233 1657 321 1721 αὐτὸν
344 1656 465 1738 νύμφης
481 1663 521 1721 ’τε
544 1651 623 1730 εἶναι,
648 1658 788 1737 θυγατρὸς
811 1661 862 1722 τοῦ
885 1656 1024 1751 Λοίδοννορ
1050 1658 1223 1740 (Arcadiae
1247 1662 1304 1722 flu·

182 1801 270 1862 men,
295 1783 403 1846 Strab.
426 1803 478 1866 pg.
504 1783 578 1863 339)
602 1780 655 1845 καὶ
680 1782 800 1862 Ἑρμοῦ·
824 1779 976 1846 σταλέντα
994 1779 1026 1845 δὲ
1045 1782 1075 1852 ἐς
1095 1781 1231 1845 οέτοικίαν
1249 1779 1302 1845 καὶ

180 1904 295 1983 ἄγοντα
318 1905 467 1986 Ἀρκοίδων
491 1910 547 1969 τῶν
570 1907 603 1970 ἐκ
628 1905 817 1970 Παλλαντίου
840 1904 990 1985 οτρατίαν,
1015 1903 1097 1985 παρα
1115 1906 1155 1985 τῷ
1174 1905 1302 1985 ποταμῷ

179 2027 264 2093 πόλιν
294 2030 335 2108 τῷ
365 2028 485 2111 Θύβριδι
517 2029 631 2094 οίκίοαι·
663 2029 719 2092 Καὶ
743 2029 894 2107 Ῥωμαίων
918 2028 1002 2109 μέρος
1025 2035 1079 2102 τῆς
1101 2027 1301 2101 τίλεας....

179 2153 272 2232 ὄνομα
305 2152 380 2233 ἔσχε
413 2153 600 2218 Παλλάντιον
630 2154 711 2218 κατα
742 2152 863 2232 μνήμην
894 2161 947 2226 τῆς
979 2154 1008 2218 ἕν
1031 2152 1185 2235 Ἀρκαδία.
1208 2151 1301 2233 χρόνῳ

180 2278 213 2342 δὲ
241 2275 354 2358 ὕστερον
385 2279 531 2357 μετέτεοε
552 2280 585 2344 τὸ
607 2278 699 2357 ὄνομα
722 2279 751 2342 ἕν
775 2276 916 2359 οίναιρέοει
938 2275 1126 2357 νραμμοίτων
1149 2281 1200 2342 τοῦ
1223 2302 1258 2342 τε
1281 2293 1301 2344 λ

178 2403 302 2466 καὶτοῦ
324 2386 355 2467 ν-
376 2401 496 2468 Τούτων
526 2404 581 2481 μὲν
612 2407 669 2467 τῶν
693 2402 878 2480 λελεγμένων
902 2399 986 2466 ἕνεκα
1008 2404 1244 2466 Παλλαντιεῦσιν
1267 2403 1301 2466 ἐκ

178 2527 326 2604 βασίλειος
360 2528 568 2614 (Αντανίνον)
599 2527 729 2606 ἐγένοντο
753 2527 884 2606 δονρεαί”,
910 2534 943 2592 et
966 2528 1058 2604 VIII,
1083 2530 1136 2604 44,
1163 2529 1199 2590 5:
1224 2526 1299 2604 ,Ἐν

178 2651 210 2714 δὲ
243 2651 422 2732 Παλλαντίῳ
457 2652 629 2735 (Arcadiae
661 2651 752 2734 urbe)
786 2651 852 2722 ναός
883 2674 916 2714 τε
948 2648 999 2714 καὶ
1021 2647 1197 2727 οίνοίλμοοτα
1222 2649 1299 2714 λίθον

178 2775 365 2850 Ποίλλαντος,
387 2777 421 2842 τὸ
442 2777 475 2841 δὲ
496 2775 587 2858 ἕτερόν
610 2778 688 2841 εὀτιν
712 2775 890 2856 Εὐοίνδρον.”

223 2902 284 2967 Dio
308 2900 437 2967 Cassius
460 2905 500 2991 fr.
525 2906 555 2982 3,
580 2904 640 2966 etsi
667 2922 732 2966 non
759 2907 996 2966 commemorat
1016 2902 1165 2964 Evandri
1185 2919 1301 2984 paren·

177 3033 233 3110 tes,
265 3034 376 3092 tamen
408 3029 496 3110 quod
528 3027 669 3110 legimus
706 3027 793 3109 apud
818 3026 914 3089 Paos.
941 3021 1034 3103 VIII,
1060 3025 1113 3102 43,
1139 3025 1158 3085 2
1182 3024 1298 3087 iisdem

176 3151 243 3215 fere
267 3152 376 3215 vorbis
400 3152 508 3216 refert.

220 3266 355 3337 Solinus
387 3274 413 3352 I,
450 3274 490 3336 10
527 3275 607 3339 haec
639 3275 752 3339 habet:
778 3275 875 3351 „Suo
898 3293 1030 3356 quoqne
1052 3273 1187 3335 numini
1210 3272 1297 3335 idern

177 3398 333 3464 Hercules
372 3400 519 3463 instituit
558 3419 662 3482 aram,
698 3418 783 3481 quae
824 3400 969 3461 maxima
1004 3399 1092 3480 apud
1125 3398 1299 3461 Pontifices

176 3523 326 3600 habetur,
361 3544 437 3587 cum
473 3544 506 3587 se
542 3544 583 3588 ex
615 3524 810 3602 Nicostrate,
844 3523 992 3587 Evandri
1025 3528 1138 3598 matre,
1163 3540 1248 3603 quae
1279 3540 1300 3583 a

176 3644 339 3712 Vaticinio
362 3647 550 3712 Carmentis
574 3649 663 3713 dicta
689 3654 747 3725 est,
773 3648 997 3711 immortalem
1021 3645 1253 3728 conperisset.''

221 3772 357 3834 Servius
387 3773 483 3854 plura
515 3774 609 3837 nobis
642 3773 801 3836 servarit.
834 3772 885 3834 Ad
910 3771 991 3835 Aen.
1016 3767 1107 3848 VIH,
1134 3769 1299 3850 3131ch-

177 3903 268 3958 mus:
302 3896 503 3973 „Romanae
538 3898 688 3960 conditor
724 3898 826 3960 arcis:
862 3931 905 3943 -
941 3895 1090 3959 conditor
1121 3892 1298 3971 Pallantei,

176 4020 234 4082 ubi
258 4039 349 4082 nunc
371 4021 534 4101 palatium
560 4028 625 4096 est;
651 4022 739 4101 quod
763 4039 830 4083 non
855 4026 902 4083 est
924 4037 1038 4082 revera
1057 4037 1127 4095 arr,
1140 4017 1196 4080 sed
1209 4022 1299 4079 tenet

175 4164 284 4208 rerum
309 4145 461 4207 omnium
487 4143 744 4227 principatum,”
768 4145 806 4206 cf.
828 4140 884 4222 VI,
908 4144 987 4207 tta:
1008 4142 1179 4220 „Romam
1193 4141 1296 4204 etiam

177 4269 340 4331 Romulus
364 4266 474 4332 secisse
496 4267 625 4343 dicitur,
650 4286 751 4349 quam
777 4274 853 4330 ante
878 4266 1030 4329 Evander
1052 4261 1230 4328 condidit.’'
1254 4264 1297 4326 Et
