2956 5040
715 365 757 425 22

174 575 332 639 Zeitalter
358 574 539 638 Antiochus
563 574 619 637 deo
643 573 787 637 Groszen
812 573 915 638 herab
937 575 1086 657 gerticlrt.
1109 574 1190 639 Und
1212 576 1297 640 ohne

173 699 310 762 Zweifel
339 700 382 762 ist
413 699 470 762 das
492 698 632 762 Gedicht
655 699 689 760 in
714 699 807 761 einer
831 698 904 762 Zeit
926 700 1150 782 gescbrieben,
1175 700 1220 763 da
1243 701 1296 764 das

174 824 269 906 Auge
302 824 360 887 der
394 823 484 886 Welt
513 823 574 885 auf
601 823 700 886 einen
733 822 860 905 Kampf
878 823 1042 887 zwischen
1066 824 1205 906 Europa
1229 825 1296 888 und

175 947 273 1011 Asien
309 948 470 1030 gerichtet
503 966 585 1025 war,
616 949 682 1011 wie
712 949 773 1010 ihu
803 948 857 1011 die
880 947 1005 1011 Rbmer
1028 945 1090 1010 mit
1112 948 1297 1012 Antiochus

173 1073 395 1137 hihrten....
432 1069 505 1135 Wir
539 1073 672 1136 kbnncn
704 1070 772 1136 also
803 1073 861 1136 der
890 1071 1082 1135 Alexandra
1111 1073 1298 1156 Ablassuug

175 1197 268 1260 nicht
291 1198 409 1261 heraus
433 1202 599 1261 versetnen
622 1216 682 1260 aus
704 1197 763 1261 der
783 1197 865 1275 Zeit,
889 1198 931 1260 da
954 1196 1137 1261 Antiochus
1158 1198 1223 1261 mit
1235 1198 1297 1261 deu

176 1321 321 1385 Riimern
344 1319 638 1385 zusammentraf.”

222 1447 285 1510 Sed
319 1447 526 1530 Lycophroni
558 1447 610 1529 (cf.
634 1448 750 1511 Suidae
771 1449 794 1511 i.
808 1450 867 1531 v.),
893 1449 952 1531 qui
976 1448 1168 1513 Ptolemaeo
1190 1447 1301 1512 Phila·

176 1571 295 1653 delpho
318 1579 476 1654 regnante
505 1572 726 1636 Alexandriae
750 1572 862 1636 floruit
884 1579 918 1636 et
940 1572 1066 1636 cladem
1089 1570 1303 1656 Carthagini·

178 1695 308 1760 ensium
340 1695 427 1776 apud
460 1696 568 1776 Mylas
599 1697 724 1777 optime
755 1714 909 1777 cognosse
940 1697 1057 1779 potuit,
1079 1697 1160 1778 quia
1184 1696 1304 1760 Asiani

178 1820 341 1883 Antiocho
361 1817 396 1881 Il
416 1821 498 1884 duce
520 1841 596 1884 cum
620 1821 812 1884 Ptolemaeo
836 1821 960 1884 bellum
982 1822 1165 1903 gessissent,
1179 1821 1305 1886 Roma-

179 1964 248 2022 nos,
274 1944 350 2006 illos
381 1964 486 2008 novos
510 1945 612 2008 marie
634 1946 797 2023 dominos,
821 1945 1020 2009 Asianorum
1044 1965 1176 2028 quoque
1200 1948 1306 2011 vieto·

183 2086 234 2130 res
277 2068 400 2150 fingere
434 2070 469 2130 in
503 2074 656 2151 promptu
693 2076 774 2132 erat.
810 2070 906 2133 Talia
939 2089 1069 2153 negare,
1105 2071 1307 2136 contendere

179 2198 293 2274 poetas
317 2212 359 2255 ne
382 2193 517 2256 incertis
541 2193 773 2276 ambiguisque
797 2195 908 2258 verbis
929 2195 1073 2278 quidem,
1092 2196 1215 2278 quibua
1234 2202 1307 2261 tota

180 2317 368 2381 Alexandra
391 2323 502 2396 scatet,
527 2337 613 2400 quae
636 2319 717 2382 forte
741 2320 874 2383 fortuna
893 2325 1007 2402 postea
1019 2318 1204 2398 factasunt,
1217 2321 1307 2384 indi·

180 2461 255 2506 care
285 2445 441 2524 potuisse,
473 2443 515 2506 iis
547 2463 681 2507 omnem
706 2445 851 2527 fingendi
874 2450 980 2509 artem
1003 2446 1194 2527 abjudicare
1218 2447 1308 2509 mihi

180 2568 313 2631 videtur
336 2568 572 2651 horroremque
592 2570 886 2648 vaticinationum,
910 2571 1005 2634 nullo
1029 2571 1125 2634 modo
1151 2572 1306 2636 humano

180 2692 314 2774 iugenio
346 2693 612 2770 convenientem,
643 2695 761 2776 prodit.
791 2694 909 2777 Itaque
936 2714 1043 2777 neque
1075 2695 1190 2758 omnia
1219 2715 1309 2778 quae

181 2817 216 2879 in
260 2816 450 2881 Alexandra
494 2818 636 2900 legimus
667 2821 737 2901 jam
772 2818 948 2883 Timaeum
983 2819 1158 2903 scripsisse,
1194 2838 1310 2902 neque

184 2943 434 3024 Lycopbrcnem
459 2942 557 3025 hujus
579 2943 737 3006 carminis
761 2962 828 3007 nou
854 2949 1022 3008 auctorem
1048 2944 1148 3007 luisse
1167 2943 1210 3005 iis
1230 2963 1309 3008 con·

182 3067 296 3130 cedere
318 3086 461 3149 possum.

229 3192 278 3254 De
323 3193 460 3256 testibus
504 3191 666 3255 Romanis
701 3193 835 3256 brevius
871 3210 968 3274 agere
1001 3192 1088 3255 lieet.
1122 3191 1215 3255 Inter
1251 3192 1311 3256 hos

182 3316 329 3382 Naevius
363 3317 459 3381 facile
492 3317 718 3398 principatum
750 3321 849 3380 tenet.
883 3317 1019 3399 Scripsit
1043 3317 1134 3380 enim
1159 3317 1195 3378 iu
1220 3317 1311 3380 Belli

183 3441 302 3505 Punici
334 3441 408 3523 (Ed.
441 3442 478 3504 L.
509 3438 673 3523 Muellcri)
706 3442 744 3504 L.
776 3437 793 3500 I
825 3441 863 3504 fr.
896 3442 915 3502 6
949 3441 1200 3522 „Postquamde
1231 3459 1312 3505 aves

184 3567 311 3649 aspexit
345 3568 381 3629 in
419 3567 541 3649 templo
578 3565 734 3642 Anchise,
769 3566 869 3628 Sacra
903 3567 938 3627 in
976 3584 1090 3629 mensa
1126 3565 1308 3631 Penatium

184 3693 299 3756 ordine
329 3697 509 3773 ponuntur.
542 3690 629 3755 Tum
654 3692 825 3754 victimam
851 3691 1050 3755 immolabat
1073 3709 1209 3754 auream
1234 3693 1311 3775 pul-

184 3814 329 3892 chram”,
361 3816 398 3878 ir.
432 3816 473 3876 lc
504 3816 606 3894 (Serv.
632 3816 713 3880 Aen.
738 3813 765 3891 I,
794 3814 866 3895 170)
900 3813 1058 3892 „Novam
1092 3820 1203 3877 temen
1236 3836 1311 3880 rem

185 3940 330 4004 Naevius
354 3939 451 4003 dicit:
477 3959 578 4003 unam
602 3959 724 4003 navem
750 3940 903 4003 habuisse
926 3940 1085 4016 Aeneam,
1107 3959 1208 4023 quam
1230 3917 1315 4005 Mer-

184 4068 296 4130 curius
319 4064 464 4144 lecerit’',
490 4067 529 4130 fr.
558 4068 596 4128 19
621 4067 717 4147 (Dan.
739 4065 827 4129 Serv.
848 4065 907 4144 IX,
930 4065 1004 4147 715)
1024 4067 1240 4147 „Prochyta.
1256 4113 1263 4129 .
1280 4116 1311 4132 ..

185 4164 270 4254 hauc
301 4190 446 4255 Naevius
477 4191 517 4255 de
540 4197 681 4273 cognata
704 4190 835 4255 Aeneae
862 4209 986 4254 nomeu
1009 4191 1173 4272 accepisse
1195 4191 1307 4270 dicit’',

186 4317 225 4379 fr.
252 4318 291 4378 20
313 4317 473 4399 (Lactant.
495 4313 576 4379 Inet.
597 4316 663 4378 div.
676 4313 703 4395 Ι,
719 4317 748 4394 6)
769 4365 788 4393 „
798 4313 959 4396 Quartam
980 4315 1142 4395 Sibyllam
1165 4313 1308 4381 Cimme-
