2956 5040
186 107 342 187 „Cervus
358 112 403 175 ab
424 110 565 174 Asnauio
587 109 785 173 vnlneratus
806 128 906 172 sauss
929 107 1005 172 belli
1030 127 1106 171 enm
1132 110 1313 175 laurenti·

192 234 252 298 bus
273 235 354 299 est?

233 361 341 426 Nemo
366 363 508 445 profesto
529 365 572 426 iis
591 382 680 446 quae
701 363 900 444 seripserunt
922 361 1172 441 Saintes-Beuve,
1200 340 1314 428 lituos

190 505 248 550 sur
269 487 397 571 Virgile
416 508 471 572 pg.
497 489 579 550 103:
602 489 747 570 „Denys
765 486 1028 550 d'Halioamasse
1047 487 1195 570 neparle
1208 489 1315 571 gnere

190 613 347 677 dedemus
380 620 574 678 autrement
602 633 669 696 que
703 611 832 694 viigile
864 622 899 675 et
927 612 953 674 il
981 611 1074 673 avait
1103 629 1182 674 sens
1211 612 1317 677 doute

192 738 286 821 puisi
307 759 374 803 nux
396 740 521 803 memes
543 759 676 804 souroes
697 737 794 816 stes,
816 744 851 801 et
868 735 1063 819 Sebuegler,
1081 735 1180 799 Rom.
1194 736 1319 802 Gesob.

193 864 221 942 1,
248 884 303 948 pg.
330 867 413 928 289:
439 866 569 946 „virgil
593 865 674 948 tolgt
696 866 744 926 im
768 863 998 944 dilgemeinen
1019 862 1078 925 der
1100 861 1322 944 bergebraob·

193 999 250 1056 ten
261 990 533 1077 Ueberlieserung
539 1020 550 1070 ;
562 1013 627 1056 nur
636 1011 681 1055 an
692 991 845 1072 wenigen
857 988 1023 1064 Punkten,
1036 1007 1086 1052 wo
1096 988 1156 1051 das
1166 987 1319 1056 Gediebt

194 1140 229 1184 es
260 1117 409 1198 forderte,
435 1122 514 1203 geht
536 1140 573 1184 er
596 1139 661 1184 ron
686 1120 741 1181 ihr
762 1117 828 1181 ab’'
849 1115 1039 1181 eonsentiet.
1062 1114 1237 1196 Vergilius
1260 1137 1324 1181 no·

196 1246 343 1310 minibus
375 1248 463 1310 notis
496 1266 575 1310 usus
604 1254 663 1322 est,
693 1245 750 1308 sed
778 1244 866 1307 faeta
896 1242 1068 1305 hominum
1098 1241 1321 1326 fortunasque

198 1380 292 1437 tanta
324 1375 533 1458 neglegentia
562 1375 719 1436 tractarit
749 1380 788 1435 ut
815 1391 857 1434 ex
880 1371 932 1433 his
953 1370 1066 1433 nullus
1088 1369 1152 1432 iere
1175 1372 1320 1453 agnosci

197 1501 306 1582 possit
329 1501 381 1563 Ex
404 1501 646 1583 antiquitatum
667 1497 879 1581 scriptoribus
896 1516 1050 1580 personas
1068 1497 1264 1578 depromsit,
1277 1499 1323 1562 iis

199 1625 349 1688 habitum
378 1644 476 1708 saepe
501 1625 619 1688 tribuit
640 1624 740 1707 vulgo
764 1629 895 1701 notum,
916 1629 952 1686 at
973 1621 1087 1685 iisdem
1110 1627 1222 1704 partes
1247 1628 1320 1686 tam

198 1749 343 1832 dispares
364 1751 508 1832 mignat
531 1757 569 1813 ut
590 1769 679 1813 unus
700 1750 839 1832 quisque
857 1766 968 1812 rerum
988 1747 1127 1829 scriptor
1143 1765 1221 1809 enm
1242 1749 1324 1829 jure

198 1875 369 1939 inauditae
390 1875 544 1939 licentiae
568 1895 721 1940 accusare
743 1875 854 1958 pomit.
877 1873 922 1937 At
944 1884 994 1936 est
1011 1878 1125 1956 poeta;
1144 1879 1322 1954 resgeatas

200 2018 381 2082 eammque
409 2007 559 2064 auctores
587 2020 646 2083 pro
679 1999 819 2063 libidine
841 1998 1015 2080 oomponit
1037 2002 1219 2078 mutatque,
1244 1997 1326 2060 dili·

199 2126 390 2208 gentissime
412 2130 543 2189 tantum
568 2127 745 2190 observans
770 2133 809 2189 ut
830 2126 948 2189 omnia
965 2130 999 2187 et
1016 2123 1138 2186 tradita
1158 2129 1323 2188 streeens

201 2251 277 2314 fieta
297 2251 340 2313 ad
361 2251 462 2315 finem
485 2251 644 2316 duoerent
666 2253 883 2335 propositum.

247 2374 415 2457 Quantum
449 2397 500 2441 res
521 2379 659 2442 traditas
683 2378 862 2441 mutaverit
885 2376 1030 2439 vidimus
1037 2399 1048 2452 ;
1072 2393 1182 2439 nonne
1204 2395 1326 2439 sauma
1456 2430 1459 2437 .

203 2503 361 2586 indagare
383 2503 568 2585 possimus?

249 2630 327 2693 Sive
344 2633 415 2714 jam
439 2629 533 2707 Cato,
554 2632 625 2696 sive
647 2631 729 2696 Cato
753 2637 786 2695 et
808 2630 988 2712 Dionysius
1008 2647 1065 2692 eas
1084 2627 1227 2705 trudunt,
1240 2648 1322 2694 eon·

204 2761 270 2819 stet
291 2757 331 2821 de
352 2758 460 2840 primo
484 2759 520 2819 in
544 2758 639 2822 Latio
663 2755 748 2821 bello
770 2758 853 2821 duas
874 2756 1003 2820 fabulas
1023 2756 1177 2839 viguisse,
1196 2756 1322 2838 quibus

206 2880 334 2946 Aeneas
365 2882 419 2946 vel
451 2882 541 2947 solus
576 2888 691 2948 eontra
720 2883 877 2947 Intinum
909 2887 943 2947 et
971 2881 1123 2945 Turnum
1155 2881 1210 2944 vel
1240 2900 1321 2944 oum
1413 2940 1416 2945 .

206 3008 324 3072 Iatino
346 3014 462 3072 eontra
479 3008 630 3072 Turnum
649 3010 847 3092 pugnavisse
865 3009 1065 3072 trudebatur.
1078 3005 1194 3071 Haein
1206 3026 1321 3090 pugne

207 3134 386 3198 seeundum
422 3131 580 3198 Catonem
614 3135 751 3198 Intinus
781 3135 878 3213 eadit,
909 3138 943 3198 et
970 3135 1110 3197 latinus
1130 3138 1165 3196 et
1185 3131 1321 3198 Turnus

208 3259 385 3322 seeundum
422 3260 628 3341 Dionysium.
663 3260 726 3324 Sed
759 3261 897 3324 Latinus
929 3279 1042 3324 osesus
1060 3259 1084 3340 ¹)
1111 3279 1176 3323 non
1207 3258 1321 3341 placet

210 3378 336 3456 poetae,
369 3375 427 3456 qui
459 3374 535 3439 Jovi
568 3376 647 3439 haee
677 3377 719 3439 ad
748 3376 913 3440 Junonem
947 3377 1048 3440 verba
1078 3376 1203 3452 tribuit,
1237 3374 1321 3438 den.

211 3498 287 3578 XII,
313 3499 392 3562 797:
414 3497 612 3576 „Mortalin'
636 3502 745 3566 decuit
768 3501 888 3565 violari
911 3501 1046 3567 volnere
1068 3499 1236 3565 divum?”.

212 3641 356 3650 ,---

244 3720 272 3785 1)
290 3721 328 3772 Cf.
340 3721 438 3786 Festus,
454 3721 575 3788 pg.194:
593 3722 840 3786 „0seillantoe,....
856 3739 1002 3774 musam.
1019 3723 1254 3789 proditurlatinus
1268 3740 1325 3792 rex,

212 3814 259 3878 qui
275 3815 377 3878 praelio,
393 3815 462 3878 quod
478 3815 515 3865 eis
532 3816 540 3833 '
558 3816 609 3865 fuit
624 3817 746 3866 adversus
761 3815 924 3880 Mezentium,
941 3815 1073 3866 Caeritum
1086 3830 1182 3881 regem,
1191 3831 1324 3881 nusquam

213 3907 360 3968 apparuerit
372 3906 553 3971 judimtusque
569 3907 604 3956 sit
619 3907 719 3971 tupiter
735 3908 818 3958 factus
834 3906 968 3957 latiaris?

110 4208 227 4240 .-
