2956 5040
668 382 708 442 33

176 596 283 659 Statui
305 595 408 677 igitur
430 596 534 675 potest
560 596 638 654 ante
662 591 789 654 Punica
812 589 896 654 bella
916 589 1061 653 fabulam
1083 590 1122 653 de
1136 588 1245 653 Aenea

132 739 192 784 neo
221 720 383 802 copiosam
417 737 523 801 neque
556 719 591 780 in
624 721 745 781 certam
779 717 918 780 formam
950 716 1113 779 redactam
1138 717 1245 780 luisse·
1290 753 1293 760 ι

96 891 97 895 ,
132 842 206 924 Quo
240 849 385 926 tempore
416 842 475 905 illa
500 842 586 906 bella
610 842 819 924 gerebantur,
843 841 965 919 fabula,
990 846 1026 904 ut
1050 846 1082 905 51
1106 809 1260 950 Alexan-⁴,

26 1008 30 1014 -
133 970 192 1032 dra
216 975 249 1032 et
274 968 402 1032 Bellum
438 969 603 1031 Punicum
639 971 810 1043 testantur,
847 968 944 1030 valde
967 968 1120 1030 accrevit.
1144 968 1242 1030 Parvi

132 1096 268 1158 interest
298 1100 409 1158 utrum
445 1093 633 1157 Alexandra
662 1091 868 1176 Lycophroni
899 1113 942 1155 en
974 1093 1143 1178 posteriori
1168 1100 1247 1156 tem·

134 1221 207 1303 pori
235 1220 425 1304 assignanda
449 1221 500 1297 sit,
525 1240 603 1281 nam
628 1239 702 1283 oum
728 1219 847 1282 Naevii
871 1220 1018 1282 carmine
1043 1220 1158 1301 utique
1182 1219 1245 1300 pri-

135 1366 228 1408 mum
261 1346 368 1409 locum
402 1349 502 1408 tenet.
536 1341 746 1426 Quamquam
770 1343 830 1406 illa
856 1344 961 1406 multa
984 1345 1139 1420 eontinet,
1162 1363 1246 1426 quae

136 1469 247 1552 magni
270 1474 346 1532 sunt
372 1469 532 1533 momenti
556 1469 597 1531 ad
621 1466 752 1532 fabulae
775 1469 986 1551 posteriorem
1011 1469 1151 1532 formam
1175 1488 1246 1550 cog·

136 1597 344 1673 noscendam,
368 1594 517 1660 fabulam
542 1597 581 1659 de
606 1594 717 1658 Aenea
741 1596 845 1677 ipsam
867 1600 977 1658 tamen
1000 1594 1096 1657 modo
1117 1600 1183 1656 tam
1205 1594 1247 1657 ab

135 1722 212 1786 aliis
235 1721 360 1785 diverso
385 1727 507 1799 narrat,
533 1727 579 1798 51,
598 1722 661 1784 nisi
684 1721 855 1803 scriptores
875 1720 1052 1784 nonnullas
1073 1721 1168 1802 hujus
1180 1739 1248 1782 aar·

139 1847 241 1909 minis
274 1846 481 1909 narrationes
515 1865 590 1908 eum
631 1845 742 1908 Aenea
771 1845 1026 1927 conjunxissent,
1055 1864 1150 1907 nemo
1174 1863 1245 1907 eam

136 1971 179 2034 ad
212 1972 355 2034 Aeneam
389 1971 532 2034 referret.
558 1972 686 2033 Aeneae
712 1989 831 2033 nomen
855 1969 945 2032 enlm
969 1970 1015 2033 ibi
1039 1991 1104 2034 non
1130 1971 1249 2052 reperi-

139 2116 221 2175 mus,
236 2116 315 2161 voce
336 2145 354 2172 „
365 2093 648 2178 consanguineus'’
663 2096 757 2159 modo
769 2095 946 2158 iudicatur.
961 2092 1116 2178 Antiquis
1130 2096 1249 2159 fabulis

137 2226 234 2303 potita
268 2242 344 2285 usus
378 2227 435 2300 est,
471 2221 524 2285 sic.
558 2242 604 2284 vs.
636 2222 729 2297 1260,
762 2221 898 2298 Aeneas,
930 2222 1009 2304 quia
1041 2224 1186 2286 servavit
1217 2227 1249 2286 et

137 2345 260 2430 patrios
282 2347 356 2410 deos
380 2354 413 2411 et
436 2353 562 2430 patrem
584 2348 625 2410 ab
651 2347 796 2410 hostibus
818 2346 950 2428 quidem
976 2347 1048 2429 pius
1068 2347 1249 2422 dictusest;
1351 2359 1352 2363 ’

137 2472 185 2535 sio
210 2472 370 2554 1236555.
397 2491 488 2536 mora
513 2471 642 2535 Aeneae
666 2473 701 2533 in
725 2471 924 2546 Macedonia,
950 2470 1058 2533 Ulixis
1081 2472 1115 2533 in
1141 2472 1248 2549 Italia,

139 2595 275 2678 Telephi
302 2595 336 2658 in
360 2596 548 2678 Tyrrhenia
570 2597 609 2660 cf.
635 2597 789 2660 Herodot.
814 2593 841 2672 I,
868 2596 918 2658 94.
945 2596 1003 2659 His
1026 2601 1139 2660 autem
1163 2617 1250 2661 nova

139 2719 295 2802 figmenta
329 2722 478 2804 adjunxit
512 2741 539 2785 e.
563 2742 593 2805 g.
618 2741 664 2784 vs.
691 2722 784 2799 1239,
814 2721 943 2785 Aeneae
966 2722 1008 2784 ad
1030 2721 1250 2802 Tyrrheniam

140 2846 312 2928 appulsum
322 2873 331 2926 3
362 2868 409 2911 vs.
445 2849 537 2923 1212,
562 2848 671 2910 Ulixis
695 2866 771 2911 cum
797 2847 908 2911 Aenea
931 2847 1057 2922 foedus;
1085 2867 1130 2909 vs.
1158 2848 1252 2923 1218,

141 2973 334 3037 Tarchontis
356 2973 581 3057 Tyrrhenique
604 2994 679 3037 cum
707 2973 817 3037 Aenea
838 2973 949 3036 foedus
956 2999 965 3051 3
988 2993 1033 3036 vs.
1057 2974 1150 3050 1250,
1166 2993 1253 3037 men-

141 3119 193 3162 sas
227 3104 451 3183 consumptas;
488 3120 533 3164 vs.
572 3101 665 3182 1255,
697 3100 833 3182 triginta
863 3119 952 3162 arces
983 3101 1161 3163 seeundum
1186 3102 1253 3164 suis

142 3223 254 3308 nigrae
274 3225 490 3308 porcellorum
512 3246 688 3290 numerum
709 3229 843 3308 ejusque
854 3226 1066 3290 simulacrum
1077 3253 1086 3305 3
1100 3247 1143 3290 vs.
1159 3229 1253 3307 1261,

142 3354 296 3432 paternos
321 3351 397 3415 deos
426 3353 460 3414 in
484 3352 643 3434 templum
670 3352 712 3415 ab
736 3370 773 3414 55
797 3351 1003 3414 aedificatum
1029 3350 1256 3433 1152151155·

144 3475 240 3548 555121
273 3477 318 3558 (in
351 3479 507 3542 honorem
542 3476 688 3542 Athenae
720 3478 886 3558 Myndios,
918 3484 987 3554 551,
1015 3478 1257 3554 Μ55ι155,Ρ51-

145 3603 239 3665 lenae
263 3601 362 3685 urbis)
384 3605 522 3685 positos3
542 3624 589 3666 vs.
612 3604 706 3679 1272,
728 3604 843 3667 urbem
859 3622 1011 3684 magnam
1025 3603 1059 3664 in
1074 3599 1254 3667 Cumarum

147 3728 279 3809 regione
298 3729 340 3792 ab
364 3728 467 3792 Aenea
487 3729 663 3792 conditam.
685 3725 833 3808 Quorum
849 3747 1010 3792 novorum
1024 3729 1254 3812 figmentorum

146 3854 339 3935 posteriores
371 3855 541 3936 scriptores
576 3853 644 3916 alia
679 3854 741 3917 sibi
772 3853 1035 3931 vindicaverunt,
1062 3851 1127 3916 alia
1158 3855 1257 3917 missa

148 3979 303 4044 fecerunt.

195 4103 302 4167 Aliam
327 4106 458 4169 fabulae
481 4105 617 4168 formam
643 4104 677 4166 in
702 4103 820 4168 Naevii
844 4106 1034 4187 fragmentis
1054 4106 1258 4170 offendimus.

150 4227 188 4292 ln
221 4231 271 4292 his
301 4250 414 4294 omnes
442 4230 507 4294 fere
539 4249 558 4291 a
582 4228 715 4292 Graecis
738 4229 878 4293 traditae
903 4232 1105 4296 narrationes
1129 4230 1258 4310 desunt,

149 4354 205 4417 sed
236 4354 374 4416 Penates
405 4358 703 4417 commemorantur
735 4360 766 4416 et
797 4353 875 4417 deae
899 4325 1201 4437 diique-domestici
1226 4361 1259 4420 et

1145 4476 1163 4527 3
