<?xml version="1.0" encoding="UTF-8"?>
<!DOCTYPE html PUBLIC "-//W3C//DTD XHTML 1.0 Transitional//EN"
    "http://www.w3.org/TR/xhtml1/DTD/xhtml1-transitional.dtd">
<html xmlns="http://www.w3.org/1999/xhtml" xml:lang="en" lang="en">
 <head>
  <title>
</title>
<meta http-equiv="Content-Type" content="text/html;charset=utf-8" />
  <meta name='ocr-system' content='tesseract 3.04.00' />
  <meta name='ocr-capabilities' content='ocr_page ocr_carea ocr_par ocr_line ocrx_word'/>
</head>
<body>
  <div class='ocr_page' id='page_1' title='image "./quaestionesdefa00kindgoog_0105.png"; bbox 0 0 2956 5040; ppageno 0'>
   <div class='ocr_carea' id='block_1_1' title="bbox 775 321 817 380">
    <p class='ocr_par' dir='ltr' id='par_1_1' title="bbox 775 321 817 380">
     <span class='ocr_line' id='line_1_1' title="bbox 775 321 817 380; baseline 0.024 -1"><span class='ocrx_word' id='word_1_1' title='bbox 775 321 817 380; x_wconf 79' lang='lat'><strong>90</strong></span> 
     </span>
    </p>
   </div>
   <div class='ocr_carea' id='block_1_2' title="bbox 227 527 1476 2489">
    <p class='ocr_par' dir='ltr' id='par_1_2' title="bbox 227 527 1476 736">
     <span class='ocr_line' id='line_1_2' title="bbox 227 527 1476 626; baseline 0 -33"><span class='ocrx_word' id='word_1_2' title='bbox 227 531 346 593; x_wconf 82' lang='lat' dir='ltr'><strong>silvam</strong></span> <span class='ocrx_word' id='word_1_3' title='bbox 363 529 512 611; x_wconf 75' lang='lat' dir='ltr'><strong>profugit</strong></span> <span class='ocrx_word' id='word_1_4' title='bbox 521 528 565 591; x_wconf 78' lang='lat' dir='ltr'><strong>ed</strong></span> <span class='ocrx_word' id='word_1_5' title='bbox 578 529 773 609; x_wconf 66' lang='lat' dir='ltr'><strong>magistrum</strong></span> <span class='ocrx_word' id='word_1_6' title='bbox 786 528 885 610; x_wconf 80' lang='lat' dir='ltr'><strong>petrii</strong></span> <span class='ocrx_word' id='word_1_7' title='bbox 899 527 1031 609; x_wconf 84' lang='lat' dir='ltr'><strong>peeoris,</strong></span> <span class='ocrx_word' id='word_1_8' title='bbox 1043 527 1228 608; x_wconf 84' lang='lat' dir='ltr'><strong>Tyrrhum,</strong></span> <span class='ocrx_word' id='word_1_9' title='bbox 1242 529 1340 612; x_wconf 80' lang='lat' dir='ltr'><strong>ibique</strong></span> <span class='ocrx_word' id='word_1_10' title='bbox 1472 614 1476 626; x_wconf 27' lang='lat'><strong>¹</strong></span> 
     </span>
     <span class='ocr_line' id='line_1_3' title="bbox 228 651 1340 736; baseline -0.003 -14"><span class='ocrx_word' id='word_1_11' title='bbox 228 658 328 722; x_wconf 78' lang='lat' dir='ltr'><strong>enirn</strong></span> <span class='ocrx_word' id='word_1_12' title='bbox 356 662 405 719; x_wconf 85' lang='lat' dir='ltr'><strong>est</strong></span> <span class='ocrx_word' id='word_1_13' title='bbox 426 674 578 736; x_wconf 83' lang='lat' dir='ltr'><strong>puerum,</strong></span> <span class='ocrx_word' id='word_1_14' title='bbox 601 655 661 735; x_wconf 90' lang='lat' dir='ltr'><strong>qui</strong></span> <span class='ocrx_word' id='word_1_15' title='bbox 684 673 706 715; x_wconf 85' lang='lat' dir='ltr'><strong>n</strong></span> <span class='ocrx_word' id='word_1_16' title='bbox 727 654 791 717; x_wconf 87' lang='lat' dir='ltr'><strong>loei</strong></span> <span class='ocrx_word' id='word_1_17' title='bbox 814 651 975 736; x_wconf 71' lang='lat' dir='ltr'><strong>qualitate</strong></span> <span class='ocrx_word' id='word_1_18' title='bbox 1000 651 1126 717; x_wconf 82' lang='lat' dir='ltr'><strong>Silvius</strong></span> <span class='ocrx_word' id='word_1_19' title='bbox 1149 659 1200 719; x_wconf 83' lang='lat' dir='ltr'><strong>est</strong></span> <span class='ocrx_word' id='word_1_20' title='bbox 1226 652 1340 719; x_wconf 83' lang='lat' dir='ltr'><strong>dietus&#39;’</strong></span> 
     </span>
    </p>

    <p class='ocr_par' dir='ltr' id='par_1_3' title="bbox 228 776 1349 860">
     <span class='ocr_line' id='line_1_4' title="bbox 228 776 1349 860; baseline -0.002 -15"><span class='ocrx_word' id='word_1_21' title='bbox 228 787 261 845; x_wconf 91' lang='lat' dir='ltr'><strong>et</strong></span> <span class='ocrx_word' id='word_1_22' title='bbox 278 801 299 844; x_wconf 84' lang='lat' dir='ltr'><strong>e</strong></span> <span class='ocrx_word' id='word_1_23' title='bbox 319 780 479 860; x_wconf 87' lang='lat' dir='ltr'><strong>Dionysio</strong></span> <span class='ocrx_word' id='word_1_24' title='bbox 498 776 527 855; x_wconf 89' lang='lat' dir='ltr'><strong>I,</strong></span> <span class='ocrx_word' id='word_1_25' title='bbox 541 778 883 856; x_wconf 57' lang='lat' dir='ltr'><strong>recommemorata</strong></span> <span class='ocrx_word' id='word_1_26' title='bbox 893 784 951 853; x_wconf 88' lang='lat' dir='ltr'><strong>est,</strong></span> <span class='ocrx_word' id='word_1_27' title='bbox 964 779 1023 860; x_wconf 91' lang='lat' dir='ltr'><strong>qni</strong></span> <span class='ocrx_word' id='word_1_28' title='bbox 1036 782 1109 860; x_wconf 88' lang='lat' dir='ltr'><strong>post</strong></span> <span class='ocrx_word' id='word_1_29' title='bbox 1123 777 1256 844; x_wconf 70' lang='lat' dir='ltr'><strong>Aeneae</strong></span> <span class='ocrx_word' id='word_1_30' title='bbox 1270 799 1349 844; x_wconf 85' lang='lat' dir='ltr'><strong>rnor-</strong></span> 
     </span>
    </p>

    <p class='ocr_par' dir='ltr' id='par_1_4' title="bbox 230 903 1354 985">
     <span class='ocr_line' id='line_1_5' title="bbox 230 903 1354 985; baseline -0.001 -16"><span class='ocrx_word' id='word_1_31' title='bbox 230 912 295 969; x_wconf 89' lang='lat' dir='ltr'><strong>tem</strong></span> <span class='ocrx_word' id='word_1_32' title='bbox 308 925 384 969; x_wconf 87' lang='lat' dir='ltr'><strong>enm</strong></span> <span class='ocrx_word' id='word_1_33' title='bbox 397 903 561 968; x_wconf 69' lang='lat' dir='ltr'><strong>Invinine</strong></span> <span class='ocrx_word' id='word_1_34' title='bbox 574 911 714 967; x_wconf 82' lang='lat' dir='ltr'><strong>tutorem</strong></span> <span class='ocrx_word' id='word_1_35' title='bbox 728 904 922 985; x_wconf 81' lang='lat' dir='ltr'><strong>taeit,quem</strong></span> <span class='ocrx_word' id='word_1_36' title='bbox 937 910 1051 967; x_wconf 80' lang='lat' dir='ltr'><strong>tamen</strong></span> <span class='ocrx_word' id='word_1_37' title='bbox 1063 905 1202 968; x_wconf 88' lang='lat' dir='ltr'><strong>Servius</strong></span> <span class='ocrx_word' id='word_1_38' title='bbox 1213 906 1256 968; x_wconf 83' lang='lat' dir='ltr'><strong>nd</strong></span> <span class='ocrx_word' id='word_1_39' title='bbox 1274 907 1354 970; x_wconf 84' lang='lat' dir='ltr'><strong>Aen.</strong></span> 
     </span>
    </p>

    <p class='ocr_par' dir='ltr' id='par_1_5' title="bbox 227 1028 1446 2489">
     <span class='ocr_line' id='line_1_6' title="bbox 230 1028 1382 1114; baseline 0.003 -22"><span class='ocrx_word' id='word_1_40' title='bbox 230 1030 287 1106; x_wconf 86' lang='lat' dir='ltr'><strong>VI,</strong></span> <span class='ocrx_word' id='word_1_41' title='bbox 313 1030 392 1094; x_wconf 82' lang='grc' dir='ltr'><strong>76οε</strong></span> <span class='ocrx_word' id='word_1_42' title='bbox 416 1028 550 1112; x_wconf 85' lang='lat' dir='ltr'><strong>„Cujus</strong></span> <span class='ocrx_word' id='word_1_43' title='bbox 569 1029 730 1111; x_wconf 74' lang='lat' dir='ltr'><strong>(Aneunii)</strong></span> <span class='ocrx_word' id='word_1_44' title='bbox 751 1029 894 1091; x_wconf 79' lang='lat' dir='ltr'><strong>Levinie</strong></span> <span class='ocrx_word' id='word_1_45' title='bbox 915 1030 1036 1093; x_wconf 89' lang='lat' dir='ltr'><strong>timens</strong></span> <span class='ocrx_word' id='word_1_46' title='bbox 1057 1028 1382 1114; x_wconf 61' lang='lat' dir='ltr'><strong>insidiasgrnrid*</strong></span> 
     </span>
     <span class='ocr_line' id='line_1_7' title="bbox 228 1153 1399 1239; baseline -0.003 -18"><span class='ocrx_word' id='word_1_47' title='bbox 228 1156 376 1239; x_wconf 76' lang='lat' dir='ltr'><strong>confugit</strong></span> <span class='ocrx_word' id='word_1_48' title='bbox 397 1157 440 1219; x_wconf 84' lang='lat' dir='ltr'><strong>ed</strong></span> <span class='ocrx_word' id='word_1_49' title='bbox 463 1156 565 1218; x_wconf 81' lang='lat' dir='ltr'><strong>silves</strong></span> <span class='ocrx_word' id='word_1_50' title='bbox 587 1162 620 1219; x_wconf 88' lang='lat' dir='ltr'><strong>et</strong></span> <span class='ocrx_word' id='word_1_51' title='bbox 643 1155 744 1217; x_wconf 73' lang='lat' dir='ltr'><strong>latuit</strong></span> <span class='ocrx_word' id='word_1_52' title='bbox 763 1155 798 1218; x_wconf 91' lang='lat' dir='ltr'><strong>in</strong></span> <span class='ocrx_word' id='word_1_53' title='bbox 819 1173 895 1218; x_wconf 81' lang='lat' dir='ltr'><strong>nese</strong></span> <span class='ocrx_word' id='word_1_54' title='bbox 913 1154 1053 1236; x_wconf 81' lang='lat' dir='ltr'><strong>pesteris</strong></span> <span class='ocrx_word' id='word_1_55' title='bbox 1065 1153 1198 1234; x_wconf 88' lang='lat' dir='ltr'><strong>Tyrri”‚</strong></span> <span class='ocrx_word' id='word_1_56' title='bbox 1211 1156 1399 1221; x_wconf 59' lang='lat' dir='ltr'><strong>eundem-</strong></span> 
     </span>
     <span class='ocr_line' id='line_1_8' title="bbox 228 1280 1428 1364; baseline -0.001 -17"><span class='ocrx_word' id='word_1_57' title='bbox 228 1300 296 1347; x_wconf 85' lang='lat' dir='ltr'><strong>esse</strong></span> <span class='ocrx_word' id='word_1_58' title='bbox 330 1303 369 1348; x_wconf 81' lang='lat' dir='ltr'><strong>ee</strong></span> <span class='ocrx_word' id='word_1_59' title='bbox 403 1282 544 1364; x_wconf 77' lang='lat' dir='ltr'>Vergilii</span> <span class='ocrx_word' id='word_1_60' title='bbox 577 1281 747 1362; x_wconf 88' lang='lat' dir='ltr'><strong>Tyrrhum</strong></span> <span class='ocrx_word' id='word_1_61' title='bbox 778 1280 931 1343; x_wconf 69' lang='lat' dir='ltr'><strong>affirmet.</strong></span> <span class='ocrx_word' id='word_1_62' title='bbox 968 1280 1133 1362; x_wconf 84' lang='lat' dir='ltr'><strong>Vergilius</strong></span> <span class='ocrx_word' id='word_1_63' title='bbox 1162 1281 1253 1345; x_wconf 83' lang='lat' dir='ltr'><strong>solue</strong></span> <span class='ocrx_word' id='word_1_64' title='bbox 1277 1300 1428 1346; x_wconf 72' lang='lat' dir='ltr'><strong>suun-</strong></span> 
     </span>
     <span class='ocr_line' id='line_1_9' title="bbox 228 1404 1437 1486; baseline -0.001 -16"><span class='ocrx_word' id='word_1_65' title='bbox 228 1407 431 1473; x_wconf 73' lang='lat' dir='ltr'><strong>Laurentum</strong></span> <span class='ocrx_word' id='word_1_66' title='bbox 455 1407 572 1470; x_wconf 90' lang='lat' dir='ltr'><strong>dueem</strong></span> <span class='ocrx_word' id='word_1_67' title='bbox 597 1405 738 1481; x_wconf 74' lang='lat' dir='ltr'><strong>voravit,</strong></span> <span class='ocrx_word' id='word_1_68' title='bbox 761 1405 820 1486; x_wconf 93' lang='lat' dir='ltr'><strong>qui</strong></span> <span class='ocrx_word' id='word_1_69' title='bbox 845 1405 944 1486; x_wconf 82' lang='lat' dir='ltr'><strong>primi</strong></span> <span class='ocrx_word' id='word_1_70' title='bbox 969 1404 1012 1467; x_wconf 88' lang='lat' dir='ltr'><strong>ob</strong></span> <span class='ocrx_word' id='word_1_71' title='bbox 1034 1423 1170 1469; x_wconf 80' lang='lat' dir='ltr'><strong>cervum</strong></span> <span class='ocrx_word' id='word_1_72' title='bbox 1200 1406 1437 1470; x_wconf 75' lang='lat' dir='ltr'><strong>vulnere-</strong></span> 
     </span>
     <span class='ocr_line' id='line_1_10' title="bbox 228 1529 1441 1616; baseline -0.007 -18"><span class='ocrx_word' id='word_1_73' title='bbox 228 1540 299 1598; x_wconf 90' lang='lat' dir='ltr'><strong>tum</strong></span> <span class='ocrx_word' id='word_1_74' title='bbox 342 1531 501 1616; x_wconf 76' lang='lat' dir='ltr'><strong>Troianos</strong></span> <span class='ocrx_word' id='word_1_75' title='bbox 542 1529 791 1613; x_wconf 73' lang='lat' dir='ltr'><strong>aggrediuntur.</strong></span> <span class='ocrx_word' id='word_1_76' title='bbox 835 1529 985 1609; x_wconf 86' lang='lat' dir='ltr'><strong>Tyrrhus</strong></span> <span class='ocrx_word' id='word_1_77' title='bbox 1026 1529 1084 1593; x_wconf 91' lang='lat' dir='ltr'><strong>ille</strong></span> <span class='ocrx_word' id='word_1_78' title='bbox 1118 1548 1242 1613; x_wconf 71' lang='lat' dir='ltr'><strong>magno</strong></span> <span class='ocrx_word' id='word_1_79' title='bbox 1277 1551 1351 1595; x_wconf 79' lang='lat' dir='ltr'><strong>eum</strong></span> <span class='ocrx_word' id='word_1_80' title='bbox 1375 1543 1441 1589; x_wconf 63' lang='lat' dir='ltr'><strong>„a</strong></span> 
     </span>
     <span class='ocr_line' id='line_1_11' title="bbox 227 1652 1445 1740; baseline -0.007 -20"><span class='ocrx_word' id='word_1_81' title='bbox 227 1657 366 1740; x_wconf 88' lang='lat' dir='ltr'><strong>strepitu</strong></span> <span class='ocrx_word' id='word_1_82' title='bbox 401 1657 436 1718; x_wconf 90' lang='lat' dir='ltr'><strong>in</strong></span> <span class='ocrx_word' id='word_1_83' title='bbox 467 1673 601 1719; x_wconf 78' lang='lat' dir='ltr'><strong>stenem</strong></span> <span class='ocrx_word' id='word_1_84' title='bbox 632 1653 740 1736; x_wconf 82' lang='lat' dir='ltr'>prodit</span> <span class='ocrx_word' id='word_1_85' title='bbox 770 1654 810 1717; x_wconf 84' lang='lat' dir='ltr'><strong>ei.</strong></span> <span class='ocrx_word' id='word_1_86' title='bbox 834 1652 919 1717; x_wconf 87' lang='lat' dir='ltr'><strong>Aen.</strong></span> <span class='ocrx_word' id='word_1_87' title='bbox 944 1652 1018 1728; x_wconf 86' lang='lat' dir='ltr'><strong>vll,</strong></span> <span class='ocrx_word' id='word_1_88' title='bbox 1042 1654 1124 1730; x_wconf 73' lang='lat'>5083</span> <span class='ocrx_word' id='word_1_89' title='bbox 1156 1655 1262 1736; x_wconf 83' lang='lat' dir='ltr'><strong>copiis</strong></span> <span class='ocrx_word' id='word_1_90' title='bbox 1285 1657 1445 1738; x_wconf 63' lang='lat' dir='ltr'><strong>ejusae</strong></span> 
     </span>
     <span class='ocr_line' id='line_1_12' title="bbox 227 1779 1446 1865; baseline -0.002 -18"><span class='ocrx_word' id='word_1_91' title='bbox 227 1781 408 1865; x_wconf 78' lang='lat' dir='ltr'><strong>profligetis</strong></span> <span class='ocrx_word' id='word_1_92' title='bbox 450 1781 586 1862; x_wconf 83' lang='lat' dir='ltr'><strong>filioque</strong></span> <span class='ocrx_word' id='word_1_93' title='bbox 628 1797 721 1843; x_wconf 74' lang='lat' dir='ltr'><strong>erese</strong></span> <span class='ocrx_word' id='word_1_94' title='bbox 760 1780 833 1842; x_wconf 88' lang='lat' dir='ltr'><strong>sine</strong></span> <span class='ocrx_word' id='word_1_95' title='bbox 870 1779 939 1842; x_wconf 77' lang='lat' dir='ltr'><strong>ulle</strong></span> <span class='ocrx_word' id='word_1_96' title='bbox 973 1797 1074 1842; x_wconf 79' lang='lat' dir='ltr'><strong>nense</strong></span> <span class='ocrx_word' id='word_1_97' title='bbox 1108 1780 1179 1861; x_wconf 82' lang='lat' dir='ltr'><strong>ipse</strong></span> <span class='ocrx_word' id='word_1_98' title='bbox 1214 1780 1258 1845; x_wconf 84' lang='lat' dir='ltr'><strong>eh</strong></span> <span class='ocrx_word' id='word_1_99' title='bbox 1292 1780 1351 1845; x_wconf 84' lang='lat' dir='ltr'><strong>ille</strong></span> <span class='ocrx_word' id='word_1_100' title='bbox 1375 1796 1446 1835; x_wconf 79' lang='grc' dir='ltr'><strong>-ι</strong></span> 
     </span>
     <span class='ocr_line' id='line_1_13' title="bbox 227 1903 1445 1987; baseline -0.002 -16"><span class='ocrx_word' id='word_1_101' title='bbox 227 1904 350 1972; x_wconf 82' lang='lat' dir='ltr'><strong>renedit</strong></span> <span class='ocrx_word' id='word_1_102' title='bbox 383 1912 417 1970; x_wconf 91' lang='lat' dir='ltr'><strong>et</strong></span> <span class='ocrx_word' id='word_1_103' title='bbox 450 1905 583 1969; x_wconf 88' lang='lat' dir='ltr'><strong>Turnus</strong></span> <span class='ocrx_word' id='word_1_104' title='bbox 616 1909 730 1987; x_wconf 75' lang='lat' dir='ltr'><strong>postea</strong></span> <span class='ocrx_word' id='word_1_105' title='bbox 763 1903 967 1967; x_wconf 72' lang='lat' dir='ltr'><strong>Inurentum</strong></span> <span class='ocrx_word' id='word_1_106' title='bbox 1004 1903 1073 1966; x_wconf 85' lang='lat' dir='ltr'><strong>dux</strong></span> <span class='ocrx_word' id='word_1_107' title='bbox 1104 1909 1162 1980; x_wconf 87' lang='lat' dir='ltr'><strong>est,</strong></span> <span class='ocrx_word' id='word_1_108' title='bbox 1193 1904 1234 1967; x_wconf 80' lang='lat' dir='ltr'><strong>ef.</strong></span> <span class='ocrx_word' id='word_1_109' title='bbox 1269 1905 1350 1969; x_wconf 82' lang='lat' dir='ltr'><strong>Aen.</strong></span> <span class='ocrx_word' id='word_1_110' title='bbox 1405 1940 1445 1958; x_wconf 61' lang='grc' dir='ltr'><strong><em>ο</em></strong></span> 
     </span>
     <span class='ocr_line' id='line_1_14' title="bbox 230 2028 1347 2111; baseline 0 -18"><span class='ocrx_word' id='word_1_111' title='bbox 230 2028 323 2110; x_wconf 88' lang='lat' dir='ltr'>v111,</span> <span class='ocrx_word' id='word_1_112' title='bbox 359 2033 389 2095; x_wconf 81' lang='lat'><strong>1.</strong></span> <span class='ocrx_word' id='word_1_113' title='bbox 424 2031 479 2095; x_wconf 82' lang='lat' dir='ltr'><strong>Sic</strong></span> <span class='ocrx_word' id='word_1_114' title='bbox 512 2029 661 2111; x_wconf 84' lang='lat' dir='ltr'><strong>Tyrrhus</strong></span> <span class='ocrx_word' id='word_1_115' title='bbox 694 2036 727 2092; x_wconf 91' lang='lat' dir='ltr'><strong>et</strong></span> <span class='ocrx_word' id='word_1_116' title='bbox 765 2029 947 2092; x_wconf 75' lang='lat' dir='ltr'><strong>Laurentes</strong></span> <span class='ocrx_word' id='word_1_117' title='bbox 979 2029 1014 2090; x_wconf 93' lang='lat' dir='ltr'><strong>in</strong></span> <span class='ocrx_word' id='word_1_118' title='bbox 1052 2028 1158 2092; x_wconf 89' lang='lat' dir='ltr'><strong>Turni</strong></span> <span class='ocrx_word' id='word_1_119' title='bbox 1187 2029 1347 2094; x_wconf 82' lang='lat' dir='ltr'><strong>ditionem</strong></span> 
     </span>
     <span class='ocr_line' id='line_1_15' title="bbox 227 2153 1348 2237; baseline 0 -17"><span class='ocrx_word' id='word_1_120' title='bbox 227 2155 351 2221; x_wconf 76' lang='lat' dir='ltr'><strong>rudenti</strong></span> <span class='ocrx_word' id='word_1_121' title='bbox 381 2162 416 2220; x_wconf 89' lang='lat' dir='ltr'><strong>et</strong></span> <span class='ocrx_word' id='word_1_122' title='bbox 444 2174 521 2220; x_wconf 87' lang='lat' dir='ltr'><strong>oum</strong></span> <span class='ocrx_word' id='word_1_123' title='bbox 554 2153 692 2217; x_wconf 81' lang='lat' dir='ltr'><strong>Rutulis</strong></span> <span class='ocrx_word' id='word_1_124' title='bbox 722 2153 899 2217; x_wconf 85' lang='lat' dir='ltr'><strong>enmmixti</strong></span> <span class='ocrx_word' id='word_1_125' title='bbox 928 2157 1016 2217; x_wconf 87' lang='lat' dir='ltr'><strong>suut.</strong></span> <span class='ocrx_word' id='word_1_126' title='bbox 1040 2153 1143 2217; x_wconf 79' lang='lat' dir='ltr'><strong>Pn‘e&#39;te</strong></span> <span class='ocrx_word' id='word_1_127' title='bbox 1164 2154 1273 2237; x_wconf 76' lang='lat' dir='ltr'><strong>igitur</strong></span> <span class='ocrx_word' id='word_1_128' title='bbox 1294 2175 1348 2220; x_wconf 85' lang='lat' dir='ltr'><strong>no·</strong></span> 
     </span>
     <span class='ocr_line' id='line_1_16' title="bbox 229 2278 1347 2363; baseline 0 -19"><span class='ocrx_word' id='word_1_129' title='bbox 229 2300 306 2345; x_wconf 87' lang='lat' dir='ltr'><strong>men</strong></span> <span class='ocrx_word' id='word_1_130' title='bbox 339 2281 460 2363; x_wconf 84' lang='lat' dir='ltr'><strong>Tyrrhi</strong></span> <span class='ocrx_word' id='word_1_131' title='bbox 494 2279 538 2343; x_wconf 84' lang='lat' dir='ltr'><strong>eb</strong></span> <span class='ocrx_word' id='word_1_132' title='bbox 568 2279 645 2342; x_wconf 85' lang='lat' dir='ltr'><strong>eliis</strong></span> <span class='ocrx_word' id='word_1_133' title='bbox 674 2279 808 2361; x_wconf 84' lang='lat' dir='ltr'><strong>recepit,</strong></span> <span class='ocrx_word' id='word_1_134' title='bbox 839 2278 895 2343; x_wconf 88' lang='lat' dir='ltr'><strong>sed</strong></span> <span class='ocrx_word' id='word_1_135' title='bbox 927 2279 997 2360; x_wconf 85' lang='lat' dir='ltr'><strong>ipse</strong></span> <span class='ocrx_word' id='word_1_136' title='bbox 1019 2298 1148 2344; x_wconf 88' lang='lat' dir='ltr'><strong>novum</strong></span> <span class='ocrx_word' id='word_1_137' title='bbox 1172 2281 1204 2344; x_wconf 88' lang='lat' dir='ltr'><strong>ei</strong></span> <span class='ocrx_word' id='word_1_138' title='bbox 1228 2300 1347 2345; x_wconf 87' lang='lat' dir='ltr'><strong>munus</strong></span> 
     </span>
     <span class='ocr_line' id='line_1_17' title="bbox 228 2406 397 2489; baseline -0.018 -18"><span class='ocrx_word' id='word_1_139' title='bbox 228 2406 397 2489; x_wconf 82' lang='lat' dir='ltr'><strong>imposuit.</strong></span> 
     </span>
    </p>
   </div>
   <div class='ocr_carea' id='block_1_3' title="bbox 690 2741 885 2751">
    <p class='ocr_par' dir='ltr' id='par_1_6' title="bbox 690 2741 885 2751">
     <span class='ocr_line' id='line_1_18' title="bbox 690 2741 885 2751; baseline -0.005 -1"><span class='ocrx_word' id='word_1_140' title='bbox 690 2741 885 2751; x_wconf 79' lang='lat'><em>——-——</em></span> 
     </span>
    </p>
   </div>
   <div class='ocr_carea' id='block_1_4' title="bbox 757 3013 824 3086">
    <p class='ocr_par' dir='ltr' id='par_1_7' title="bbox 757 3013 824 3086">
     <span class='ocr_line' id='line_1_19' title="bbox 757 3013 824 3086; baseline 0.03 -2"><span class='ocrx_word' id='word_1_141' title='bbox 757 3013 824 3086; x_wconf 86' lang='lat' dir='ltr'><strong>VI.</strong></span> 
     </span>
    </p>
   </div>
   <div class='ocr_carea' id='block_1_5' title="bbox 647 3182 927 3303">
    <p class='ocr_par' dir='ltr' id='par_1_8' title="bbox 647 3182 927 3303">
     <span class='ocr_line' id='line_1_20' title="bbox 647 3182 927 3303; baseline 0 -1"><span class='ocrx_word' id='word_1_142' title='bbox 647 3182 927 3303; x_wconf 68' lang='lat' dir='ltr'><strong>Mezentius</strong></span> 
     </span>
    </p>
   </div>
   <div class='ocr_carea' id='block_1_6' title="bbox 222 3646 1345 4356">
    <p class='ocr_par' dir='ltr' id='par_1_9' title="bbox 222 3646 1345 4232">
     <span class='ocr_line' id='line_1_21' title="bbox 268 3646 1342 3734; baseline 0.008 -25"><span class='ocrx_word' id='word_1_143' title='bbox 268 3648 360 3710; x_wconf 83' lang='lat' dir='ltr'><strong>Inter</strong></span> <span class='ocrx_word' id='word_1_144' title='bbox 383 3646 515 3712; x_wconf 81' lang='lat' dir='ltr'><strong>Aeneae</strong></span> <span class='ocrx_word' id='word_1_145' title='bbox 538 3649 826 3734; x_wconf 74' lang='lat' dir='ltr'><strong>Trojanornmque</strong></span> <span class='ocrx_word' id='word_1_146' title='bbox 844 3653 1076 3717; x_wconf 78' lang='lat' dir='ltr'><strong>infestissimos</strong></span> <span class='ocrx_word' id='word_1_147' title='bbox 1098 3654 1206 3717; x_wconf 90' lang='lat' dir='ltr'><strong>hostes</strong></span> <span class='ocrx_word' id='word_1_148' title='bbox 1219 3655 1342 3720; x_wconf 85' lang='lat' dir='ltr'><strong>Mezen-</strong></span> 
     </span>
     <span class='ocr_line' id='line_1_22' title="bbox 225 3760 1343 3859; baseline 0.007 -25"><span class='ocrx_word' id='word_1_149' title='bbox 225 3771 289 3834; x_wconf 89' lang='lat' dir='ltr'><strong>tius</strong></span> <span class='ocrx_word' id='word_1_150' title='bbox 312 3760 454 3853; x_wconf 76' lang='lat' dir='ltr'><strong>prnfeetn</strong></span> <span class='ocrx_word' id='word_1_151' title='bbox 479 3777 551 3854; x_wconf 87' lang='lat' dir='ltr'><strong>post</strong></span> <span class='ocrx_word' id='word_1_152' title='bbox 574 3772 726 3838; x_wconf 90' lang='lat' dir='ltr'><strong>Turnum</strong></span> <span class='ocrx_word' id='word_1_153' title='bbox 750 3777 935 3859; x_wconf 86' lang='lat' dir='ltr'><strong>principem</strong></span> <span class='ocrx_word' id='word_1_154' title='bbox 959 3776 1070 3841; x_wconf 80' lang='lat' dir='ltr'><strong>locum</strong></span> <span class='ocrx_word' id='word_1_155' title='bbox 1095 3780 1195 3841; x_wconf 88' lang='lat' dir='ltr'><strong>tenet.</strong></span> <span class='ocrx_word' id='word_1_156' title='bbox 1219 3776 1343 3857; x_wconf 76' lang='lat' dir='ltr'><strong>Quum·</strong></span> 
     </span>
     <span class='ocr_line' id='line_1_23' title="bbox 224 3898 1345 3980; baseline 0.006 -22"><span class='ocrx_word' id='word_1_157' title='bbox 224 3914 324 3977; x_wconf 84' lang='lat' dir='ltr'><strong>quam</strong></span> <span class='ocrx_word' id='word_1_158' title='bbox 358 3915 446 3972; x_wconf 90' lang='lat' dir='ltr'><strong>eum,</strong></span> <span class='ocrx_word' id='word_1_159' title='bbox 472 3903 509 3959; x_wconf 91' lang='lat' dir='ltr'><strong>ut</strong></span> <span class='ocrx_word' id='word_1_160' title='bbox 539 3917 638 3980; x_wconf 81' lang='lat' dir='ltr'><strong>supra</strong></span> <span class='ocrx_word' id='word_1_161' title='bbox 663 3898 816 3976; x_wconf 87' lang='lat' dir='ltr'><strong>vidimus,</strong></span> <span class='ocrx_word' id='word_1_162' title='bbox 841 3907 954 3964; x_wconf 82' lang='lat' dir='ltr'><strong>contre</strong></span> <span class='ocrx_word' id='word_1_163' title='bbox 979 3903 1131 3966; x_wconf 90' lang='lat' dir='ltr'><strong>omnium</strong></span> <span class='ocrx_word' id='word_1_164' title='bbox 1159 3900 1345 3966; x_wconf 80' lang='lat' dir='ltr'><strong>testimonie</strong></span> 
     </span>
     <span class='ocr_line' id='line_1_24' title="bbox 224 4021 1344 4108; baseline 0.007 -26"><span class='ocrx_word' id='word_1_165' title='bbox 224 4040 301 4083; x_wconf 81' lang='lat' dir='ltr'><strong>mox</strong></span> <span class='ocrx_word' id='word_1_166' title='bbox 330 4021 549 4085; x_wconf 87' lang='lat' dir='ltr'><strong>interemtum</strong></span> <span class='ocrx_word' id='word_1_167' title='bbox 577 4022 744 4105; x_wconf 85' lang='lat' dir='ltr'><strong>Vergilius</strong></span> <span class='ocrx_word' id='word_1_168' title='bbox 773 4025 879 4103; x_wconf 86' lang='lat' dir='ltr'><strong>finxit,</strong></span> <span class='ocrx_word' id='word_1_169' title='bbox 900 4028 970 4108; x_wconf 84' lang='lat' dir='ltr'><strong>jem</strong></span> <span class='ocrx_word' id='word_1_170' title='bbox 996 4027 1090 4091; x_wconf 86' lang='lat' dir='ltr'><strong>nobis</strong></span> <span class='ocrx_word' id='word_1_171' title='bbox 1114 4027 1150 4089; x_wconf 92' lang='lat' dir='ltr'><strong>in</strong></span> <span class='ocrx_word' id='word_1_172' title='bbox 1175 4028 1273 4092; x_wconf 88' lang='lat' dir='ltr'><strong>fidem</strong></span> <span class='ocrx_word' id='word_1_173' title='bbox 1298 4032 1344 4092; x_wconf 92' lang='lat' dir='ltr'><strong>est</strong></span> 
     </span>
     <span class='ocr_line' id='line_1_25' title="bbox 222 4145 1075 4232; baseline 0.008 -25"><span class='ocrx_word' id='word_1_174' title='bbox 222 4145 471 4227; x_wconf 89' lang='lat' dir='ltr'><strong>inquirendum,</strong></span> <span class='ocrx_word' id='word_1_175' title='bbox 495 4166 563 4229; x_wconf 83' lang='lat' dir='ltr'><strong>qua</strong></span> <span class='ocrx_word' id='word_1_176' title='bbox 586 4147 622 4210; x_wconf 92' lang='lat' dir='ltr'><strong>in</strong></span> <span class='ocrx_word' id='word_1_177' title='bbox 645 4148 704 4211; x_wconf 90' lang='lat' dir='ltr'>illo</span> <span class='ocrx_word' id='word_1_178' title='bbox 729 4150 894 4232; x_wconf 84' lang='lat' dir='ltr'><strong>pingendo</strong></span> <span class='ocrx_word' id='word_1_179' title='bbox 918 4171 995 4216; x_wconf 86' lang='lat' dir='ltr'><strong>usus</strong></span> <span class='ocrx_word' id='word_1_180' title='bbox 1018 4157 1075 4216; x_wconf 89' lang='lat' dir='ltr'><strong>est.</strong></span> 
     </span>
    </p>

    <p class='ocr_par' dir='ltr' id='par_1_10' title="bbox 271 4268 1342 4356">
     <span class='ocr_line' id='line_1_26' title="bbox 271 4268 1342 4356; baseline 0.01 -25"><span class='ocrx_word' id='word_1_181' title='bbox 271 4268 319 4333; x_wconf 92' lang='lat' dir='ltr'><strong>De</strong></span> <span class='ocrx_word' id='word_1_182' title='bbox 348 4271 406 4334; x_wconf 88' lang='lat' dir='ltr'><strong>illo</strong></span> <span class='ocrx_word' id='word_1_183' title='bbox 437 4272 578 4354; x_wconf 84' lang='lat' dir='ltr'><strong>legimus</strong></span> <span class='ocrx_word' id='word_1_184' title='bbox 608 4272 706 4356; x_wconf 84' lang='lat' dir='ltr'><strong>Verg.</strong></span> <span class='ocrx_word' id='word_1_185' title='bbox 739 4270 810 4351; x_wconf 85' lang='lat' dir='ltr'><strong>VII,</strong></span> <span class='ocrx_word' id='word_1_186' title='bbox 840 4276 921 4339; x_wconf 73' lang='lat'><strong>647:</strong></span> <span class='ocrx_word' id='word_1_187' title='bbox 944 4277 1106 4353; x_wconf 88' lang='lat' dir='ltr'><strong>„Primus</strong></span> <span class='ocrx_word' id='word_1_188' title='bbox 1129 4277 1194 4342; x_wconf 90' lang='lat' dir='ltr'><strong>init</strong></span> <span class='ocrx_word' id='word_1_189' title='bbox 1219 4277 1342 4342; x_wconf 89' lang='lat' dir='ltr'><strong>bellum</strong></span> 
     </span>
    </p>
   </div>
   <div class='ocr_carea' id='block_1_7' title="bbox 0 0 1482 5040">
    <p class='ocr_par' dir='ltr' id='par_1_11' title="bbox 0 0 1482 5040">
     <span class='ocr_line' id='line_1_27' title="bbox 0 0 1482 5040; baseline 0 1"><span class='ocrx_word' id='word_1_190' title='bbox 0 0 1482 5040; x_wconf 95' lang='lat' dir='ltr'><strong> </strong></span> 
     </span>
    </p>
   </div>
  </div>
 </body>
</html>
