2956 5040
663 393 703 454 29

120 597 171 660 ita
205 599 282 673 sint,
313 601 402 663 baud
433 604 556 665 temere
583 603 750 684 conjicias,
777 601 973 684 Dionysium
999 605 1052 668 vel
1076 606 1241 687 aequales,

121 724 173 785 sui
205 725 281 787 aevi
313 725 461 788 moribus
492 727 660 804 excitatos,
692 747 757 790 non
785 730 845 793 boc
868 730 932 792 iter
956 729 1011 792 sed
1037 731 1096 794 hoc
1122 750 1243 793 nomen

123 847 237 910 multis
268 850 404 912 auribus
436 855 570 932 gratum
603 852 745 915 finxisse.
778 850 895 934 Itaque
917 858 1034 916 contra
1057 854 1152 915 illam
1178 855 1244 937 opi·

121 971 267 1050 nionem,
291 973 379 1054 quod
404 975 472 1055 ejus
496 978 646 1038 auctores
669 976 708 1038 de
732 975 866 1039 fabulae
888 960 946 1059 per
966 976 1090 1041 Cumas
1104 979 1245 1041 transitu

121 1095 288 1174 dixerunt,
313 1103 459 1180 repetere
481 1118 671 1181 possumus:
696 1119 793 1174 „non
819 1104 948 1163 constat
968 1099 1100 1164 Aeneae
1121 1121 1243 1166 nomen

122 1239 197 1282 cum
224 1219 418 1303 Aphrodites
441 1221 532 1285 cultu
557 1225 770 1305 conjunctum
796 1223 926 1286 tuisse.'’

167 1345 230 1408 Sed
253 1345 397 1412 Lavinio
422 1366 488 1412 non
512 1345 629 1410 Gumis
651 1347 766 1410 fabula
790 1345 932 1411 Romam
956 1347 1113 1432 migravit
1137 1369 1244 1433 neque

122 1469 188 1532 alio
222 1470 318 1534 modo
348 1471 493 1554 migrare
522 1473 644 1553 potuit.
670 1471 756 1535 Nam
782 1473 972 1552 Lavinium,
997 1475 1055 1538 ubi
1082 1475 1244 1557 templum

122 1598 193 1657 erat
224 1595 364 1659 Veneris
395 1596 507 1659 Frutis
543 1615 608 1659 non
640 1595 813 1678 Apollinis,
845 1597 1009 1660 Penatmn
1041 1597 1131 1661 sedes
1164 1603 1243 1675 erat,

122 1717 161 1780 cl.
197 1716 324 1782 Preller
368 1719 384 1780 Ι
418 1738 471 1801 pg.
506 1719 582 1797 436,
618 1716 652 1780 ΙΙ
685 1738 738 1802 pg.
776 1719 850 1783 311.
887 1719 1047 1802 Schwegl.
1082 1739 1134 1802 pg.
1170 1721 1244 1784 317.

123 1840 327 1906 Testirnonia
360 1844 482 1908 babent
514 1845 610 1907 haec:
643 1844 738 1906 Varr.
762 1844 798 1907 L.
823 1844 859 1906 L.
883 1840 921 1922 V,
948 1845 1021 1907 144.
1046 1842 1242 1928 „Oppidum

121 1968 211 2048 quod
235 1969 382 2049 primum
409 1968 580 2031 conditum
605 1966 639 2029 in
664 1967 758 2030 Latio
783 1968 893 2050 stirpis
917 1986 1073 2031 romanae
1096 1986 1176 2030 nam
1195 1968 1245 2031 ibi

122 2090 169 2152 dii
194 2097 329 2173 penates
353 2091 490 2168 nostri'’,
513 2092 621 2155 Strab.
646 2092 688 2169 V,
711 2111 764 2174 pg.
784 2093 863 2154 232:
883 2140 902 2167 „
912 2088 971 2154 ιίνίι
991 2089 1080 2168 μέσον
1093 2090 1124 2155 δὲ
1135 2089 1243 2154 τούτων

121 2215 178 2274 τῶν
212 2212 321 2277 πόλεων
355 2215 416 2290 ἐστι
450 2213 483 2278 τὸ
518 2213 676 2286 Λαουίνιον,
713 2210 783 2292 ἔχον
815 2214 903 2277 κοινὸν
933 2217 991 2277 τῶν
1019 2213 1154 2278 Λαπίναν
1177 2213 1244 2293 ίερον

121 2335 310 2416 Ἀφροδίτης,
340 2339 548 2415 ἐπιμελοῦνται
579 2337 699 2401 δάἐιποῦ
730 2336 778 2400 tet
801 2335 949 2418 προπίλαν
973 2338 1138 2419 Ἀρδεᾶται.
1165 2333 1243 2403 Είτα

122 2460 304 2542 Λανρεντιίν.
407 2461 468 2526 ἐστι
503 2460 534 2526 δὲ
568 2461 618 2526 καί
651 2461 763 2536 πἀιίπης
797 2463 919 2536 πλησίον
948 2463 1143 2543 Ἀφροδίσιον,
1173 2460 1242 2528 ίπου

121 2585 344 2669 πανηγυρίζουσι
377 2592 509 2651 Λατῖνοι.
544 2592 689 2651 Σαυνῖται
724 2587 750 2650 δ’
782 2585 941 2667 ἐπόρθησαν
971 2585 1038 2658 τοὺς
1061 2586 1166 2661 πόπους
1190 2586 1242 2651 καί

121 2711 254 2776 λείπεται
287 2711 343 2790 μὲν
377 2709 445 2790 ἴχνη
482 2708 602 2784 πόλεων,
637 2707 740 2785 ἔνδοξα
773 2710 805 2774 δὲ
836 2709 885 2774 δια
914 2711 967 2786 την
989 2711 1101 2775 Αἰνείου
1123 2710 1242 2789 γέγονεν

120 2834 278 2913 ἐπιδημίαν
309 2834 360 2900 καί
391 2834 448 2906 πας
470 2834 628 2915 ἱεροποιίαι,
652 2832 690 2907 ἃς
713 2831 746 2907 ἐξ
767 2832 877 2898 ἐκείνων
899 2836 956 2896 τῶν
978 2835 1086 2914 χρόνον
1110 2834 1241 2916 παραδε-

121 2957 219 3023 δόσθαι
251 2957 362 3040 Φαοί”,
398 2961 486 3025 Plin.
520 2958 607 3024 N.H.
644 2957 709 3037 III,
746 2961 797 3037 56,
836 2959 887 3023 57.
918 2958 1054 3035 „Ardea
1084 2960 1242 3022 aDanae

121 3085 231 3149 Persei
252 3091 360 3150 matre
383 3084 527 3162 condita,
550 3083 627 3148 dein
651 3084 818 3165 quondam
845 3082 1097 3166 Aphrodision.’'

166 3210 272 3274 Nemo
296 3211 439 3293 profecto
463 3208 609 3273 Aeneam
636 3203 712 3272 cum
737 3208 920 3272 Penatibus
944 3213 976 3272 et
996 3210 1081 3272 hauc
1102 3209 1143 3272 ob
1166 3200 1241 3272 cau·

120 3355 192 3400 sam
228 3356 302 3400 cum
338 3336 480 3407 Lavinio
516 3353 649 3418 quoque
678 3337 889 3416 conjunctum
922 3352 990 3397 esse
1020 3332 1162 3417 negabit,
1186 3333 1242 3396 sed

120 3462 195 3544 quis
231 3462 363 3527 fabulae
399 3458 627 3542 migrationem
661 3477 720 3541 per
742 3458 923 3521 Lavinium
948 3457 998 3520 his
1021 3457 1102 3521 locis
1125 3476 1240 3539 appro-

122 3586 234 3649 batam
257 3583 362 3649 dicet?

165 3706 397 3772 Recentiorum
419 3708 589 3771 doctorum
610 3707 713 3790 igitur
734 3703 845 3788 opinio
863 3705 945 3767 mibi
960 3725 1025 3769 non
1040 3704 1242 3769 firmioribus

121 3833 325 3916 argumentis
357 3833 431 3911 niti,
462 3852 565 3915 quam
595 3832 655 3894 illa
677 3831 812 3894 Miilleri
837 3827 979 3893 videtur.
1003 3830 1128 3894 Eorum
1154 3829 1243 3892 teati-

122 3958 236 4021 rnouia
258 3957 301 4020 ad
319 3957 554 4038 explicandum
571 3955 701 4019 fabulae
713 3956 776 4018 iter
787 3974 855 4018 non
868 3953 1047 4031 sufficiunt,
1061 3954 1114 4016 sed
1126 3972 1244 4016 eorun-

121 4084 195 4146 dem
221 4084 393 4166 opiniones
418 4101 485 4147 uon
506 4086 816 4162 tantumquantum
830 4079 1041 4145 contenditur
1054 4075 1240 4141 seinvicem

122 4209 258 4272 tollunt.
282 4208 389 4290 HuJ‘us
413 4206 488 4268 vitii
507 4205 607 4287 culpa
625 4205 659 4267 in
681 4205 876 4287 posteriores
890 4208 938 4266 est
951 4201 1158 4277 conferenda,
1172 4200 1241 4283 qui,

122 4332 269 4396 Aeneam
294 4331 409 4396 Cumis
433 4331 574 4394 Romam
598 4331 776 4394 adductum
799 4334 964 4412 negantes,
984 4327 1043 4390 alii
1064 4327 1169 4390 cultui
1184 4326 1242 4389 mi·
