2956 5040
717 427 758 488 98

179 635 286 697 omnis
308 653 409 716 quem
431 634 569 699 credidit
587 640 686 712 aetas,
707 632 896 714 anculus’',
916 636 957 713 X,
971 635 1084 712 5432„
1094 635 1292 699 Instaurant

178 761 264 824 acies
287 760 426 824 Volcani
451 762 550 842 stirpe
572 765 700 825 creatus
724 759 886 825 Caeculus
905 766 936 824 et
957 762 1090 825 veniens
1103 762 1289 825 Marsorum

179 887 346 950 montibus
380 885 537 964 Umbro''‚
573 892 605 950 et
639 887 729 956 VIII.
762 888 842 950 558:
874 887 981 965 „Tum
1014 891 1106 969 pater
1135 887 1292 950 Evander

178 1010 326 1074 dextram
351 1010 540 1094 complexus
564 1012 673 1075 euntis
695 1011 825 1088 Haeret,
850 1011 1037 1094 inexpletus
1061 1010 1238 1076 lacrimans
1252 1031 1288 1075 ac

178 1136 258 1199 talia
285 1137 388 1200 fatur:
414 1133 459 1201 0!
484 1137 565 1200 mihi
589 1138 781 1220 praeteritos
802 1137 921 1203 referat
944 1137 971 1200 si
994 1134 1014 1198 J
1017 1137 1144 1220 uppiter
1168 1136 1287 1200 annos!

178 1259 294 1342 Qualis
328 1282 429 1342 eram,
464 1283 567 1346 quum
603 1264 744 1347 primam
780 1264 885 1327 aciem
920 1264 1094 1327 Praeneste
1124 1263 1186 1327 sub
1219 1265 1286 1346 ipsa

178 1387 288 1450 Stravi
320 1392 554 1470 scutorumque
575 1389 704 1454 incendi
732 1390 837 1453 victor
859 1408 1001 1467 acervos,
1026 1389 1069 1452 Et
1093 1407 1203 1471 regem
1229 1389 1285 1452 hac

178 1514 307 1578 Erilum
332 1514 446 1579 dextra
469 1515 530 1579 sub
554 1515 692 1578 Tartara
717 1516 802 1594 misi,
828 1513 982 1579 Nascenti
1005 1515 1059 1578 cui
1078 1519 1142 1578 tres
1161 1513 1285 1577 animas
1357 1586 1359 1593 J

69 1680 71 1685 -
177 1641 317 1705 Feronia
342 1647 445 1706 mater
467 1678 509 1688 —
533 1638 742 1705 Horrendum
766 1641 869 1705 dictu!
894 1677 937 1687 -
961 1639 1126 1704 dederat.'’

223 1765 311 1832 Duas
332 1768 466 1831 fabulas
483 1768 584 1850 igitur
606 1772 701 1851 polita
725 1771 972 1831 commemorat.
995 1766 1071 1830 Una
1092 1767 1132 1828 de
1145 1764 1285 1827 Evandri

178 1893 264 1958 bello
295 1898 408 1959 contra
440 1894 581 1971 Erilum,
614 1893 718 1957 altera
748 1893 786 1957 de
809 1892 948 1958 anculo
970 1892 1154 1956 Praenestis
1177 1891 1287 1955 funda·

179 2025 258 2083 tore.
282 2021 330 2083 De
352 2019 444 2084 Erilo
469 2025 581 2082 autem
606 2039 704 2083 nemo
724 2019 917 2102 scriptorum
938 2019 1139 2082 mentionem
1160 2017 1238 2082 fecit
1256 2022 1287 2080 et

177 2145 319 2209 libenter
348 2145 501 2210 Servium
531 2165 648 2229 sequor
670 2147 841 2210 docentem
866 2145 947 2209 Aen.
971 2144 1060 2221 VIII,
1085 2144 1166 2206 564:
1189 2143 1287 2220 „Hoc

178 2276 290 2335 autern
313 2272 384 2336 loco
408 2291 466 2354 per
489 2277 554 2335 tres
576 2272 705 2335 animas
728 2273 884 2354 magnum
909 2274 942 2334 et
962 2270 1141 2352 perfectum
1169 2268 1286 2352 (Verg.)

178 2398 304 2462 indicat
338 2399 460 2463 virum.
495 2398 580 2461 Nam
616 2403 779 2481 quantum
811 2398 853 2460 ad
884 2396 1027 2460 fabulam
1061 2395 1202 2479 pertinet
1224 2399 1286 2459 tres

178 2522 308 2585 animas
337 2527 469 2605 propter
499 2523 563 2586 tria
594 2523 710 2587 habuit
739 2542 884 2606 corpora.
909 2521 1088 2585 Attendum
1114 2539 1203 2599 sane,
1228 2520 1287 2584 boc

177 2648 240 2711 sibi
270 2649 460 2712 Evandrum
494 2649 670 2726 vindicare,
701 2649 788 2731 quod
820 2648 884 2713 luit
906 2648 941 2711 in
965 2644 1114 2712 Hercule.
1139 2645 1226 2710 Nam
1252 2651 1287 2710 ut

176 2772 234 2836 ille
257 2773 441 2855 Geryonem
463 2774 613 2852 extinxit,
632 2774 682 2836 ita
702 2774 755 2837 hic
774 2773 922 2837 Herilenr
943 2768 1092 2837 occidit.''
1105 2773 1169 2836 Sed
1181 2791 1286 2855 quum

177 2899 263 2964 idem
295 2904 407 2964 narrat
431 2901 511 2963 562:
537 2900 758 2978 „Evandrum
782 2901 817 2962 in
841 2899 973 2963 Italiam
1000 2899 1200 2976 venientem,
1224 2898 1286 2963 He·

177 3025 262 3089 rilus·
280 3046 337 3090 rex
360 3027 591 3090 Praenestinus
614 3025 741 3090 auxilio
761 3044 893 3089 suorum
915 3025 1041 3088 civium
1062 3023 1169 3088 voluit
1181 3022 1288 3105 expel-

177 3151 260 3242 lere,v
276 3171 356 3233 quos
384 3152 462 3215 vicit
485 3151 639 3215 Evander
661 3156 693 3215 et
716 3150 866 3214 Herilum
891 3150 1058 3214 interiecit
1081 3153 1113 3212 et
1135 3149 1287 3212 interfec-

178 3279 286 3338 torum
306 3275 436 3358 clypeos
451 3272 658 3352 combussit”,
673 3275 768 3341 facile
780 3281 827 3340 est
839 3275 1008 3339 intellectu
1023 3293 1099 3338 eum
1114 3273 1286 3337 historiam

176 3420 194 3465 e
225 3402 334 3466 verbis
358 3407 473 3485 poetae
496 3402 637 3466 finxisse.
661 3400 747 3464 Nam
773 3400 800 3464 si
823 3401 990 3483 Vergilius
1015 3397 1166 3463 Herilum
1191 3399 1288 3462 Prae·

176 3528 275 3590 neatis
316 3546 425 3609 regem
467 3533 620 3605 vocasset,
655 3528 742 3591 inter
776 3547 809 3591 se
843 3526 1061 3611 repugnantia
1097 3525 1287 3608 scripsisset.

175 3650 336 3716 Caeculus
365 3654 396 3717 ei
427 3654 583 3718 fundator
606 3659 653 3718 est
678 3654 785 3731 urbis3
811 3652 982 3729 Caeculus,
1006 3671 1105 3735 quem
1131 3652 1288 3716 Evander

175 3796 275 3841 senex
304 3783 419 3841 contra
450 3779 595 3843 Aeneam
626 3779 774 3843 incedere
807 3780 904 3855 videt,
927 3797 1132 3861 quamquam
1154 3777 1288 3860 juvenis

170 3905 241 3986 jam
272 3904 374 3967 alium
406 3906 591 3969 Praenestis
622 3924 729 3988 rogem
762 3925 837 3969 cum
864 3904 1027 3968 militibus
1049 3904 1287 3986 prostravisset.

174 4027 264 4094 Haec
297 4032 502 4096 dissentiunt.
533 4033 592 4094 Est
614 4036 725 4095 tamen
750 4031 1031 4109 commentatoris,
1059 4049 1125 4093 non
1149 4026 1287 4113 Vergilii

174 4157 340 4236 mendum,
374 4159 431 4241 qui
467 4158 617 4222 Herilum
653 4176 759 4240 regem
790 4157 871 4221 dicit
901 4156 1042 4220 aliorum
1075 4155 1285 4239 populorum,

174 4284 231 4364 qui
254 4285 415 4348 ceciderat
437 4303 474 4347 eo
496 4283 577 4361 loco,
601 4283 659 4359 ubi
677 4289 788 4366 postea
809 4279 968 4346 Caeculus
994 4282 1111 4347 urbem
1123 4283 1269 4346 condidit
1276 4306 1287 4360 3

173 4410 258 4491 quod
288 4415 385 4493 poeta
408 4410 438 4472 ei
462 4409 637 4473 Feroniam
661 4412 800 4473 matrem
825 4407 1021 4490 assignando
1044 4407 1178 4487 indicat,
1202 4425 1285 4490 quae
