2956 5040
627 394 667 456 19

78 602 256 679 „Aeneam
281 622 358 666 cum
382 602 502 683 Ulyssc
525 621 543 666 e
563 602 710 666 Molossis
729 599 861 665 Italiam
882 602 1072 685 appulsum,
1086 603 1202 666 urbem

78 726 285 791 condidisse”
308 728 363 791 cui
388 729 560 790 Damastes
585 727 729 808 Sigensis
752 727 879 808 aliique
902 727 1126 790 consentiunt.

126 853 180 915 Sic
215 853 303 934 apud
340 853 474 915 Festum
507 871 560 934 pp.
595 852 669 929 266,
703 852 776 930 269,
809 857 1038 915 memorantur
1068 851 1206 933 scriptor

80 977 239 1040 historiae
269 973 442 1039 Cumanae
473 976 699 1057 (Hyperochus
730 975 807 1039 Ah.
832 973 908 1054 ΧΠ,
933 977 997 1055 37),
1022 976 1081 1057 661
1108 976 1206 1038 tradi-

80 1101 146 1163 dit:
182 1101 409 1179 „Valentiam
445 1100 533 1182 quod
564 1120 687 1163 nomen
715 1101 858 1164 adventu
891 1101 1039 1163 Evandri
1062 1098 1206 1163 Aeneae·

80 1244 146 1308 quc
169 1226 204 1287 16
225 1225 360 1288 Italiam
381 1245 458 1288 cum
481 1244 603 1308 magna
621 1245 736 1308 graece
757 1226 967 1308 loquentium
992 1225 1085 1307 copia
1104 1226 1205 1288 inter·

80 1353 250 1431 prelatum
287 1349 352 1413 dici
385 1353 538 1432 coeptum
571 1349 747 1428 Romcm”,
778 1354 810 1414 66
843 1349 1049 1432 Agathocles,
1074 1347 1208 1430 Cynice-

80 1494 203 1538 narum
238 1493 349 1538 rerum
384 1475 532 1556 scriptor,
567 1476 626 1556 661
662 1475 831 1538 narravit:
864 1472 1055 1552 „Vaticinio
1088 1471 1207 1538 Heleni

80 1600 262 1681 impulsum
287 1597 432 1662 Aeneam
457 1596 593 1661 Italiam
613 1600 768 1681 petivisse
786 1603 972 1680 portantem
987 1618 1081 1662 snam
1095 1619 1206 1664 secum

81 1729 229 1805 neptem,
262 1722 383 1787 Ascani
411 1724 690 1801 filiam„nomine
713 1723 902 1786 Rhomam''
927 1729 959 1786 et
981 1724 1093 1807 paullo
1118 1730 1206 1807 post:

82 1848 299 1929 „complures
323 1867 391 1911 6666
415 1854 574 1926 auctores,
598 1849 657 1929 qui
680 1848 792 1910 dicant
814 1849 961 1912 Aeneam
981 1849 1148 1930 sepultum
1169 1850 1204 1911 iu

82 1972 165 2035 urbe
196 1969 416 2053 Berecynthia
447 1972 597 2053 proxime
626 1974 748 2035 flumen
780 1971 900 2049 Nolon,
933 1978 1033 2054 66666
1065 1993 1106 2036 ex
1137 1975 1208 2055 ejus

79 2096 237 2178 progenie
264 2096 442 2178 quemdam
473 2096 610 2159 nomine
634 2095 802 2158 Rhomum
828 2097 956 2158 venisse
979 2097 1015 2158 in
1040 2093 1208 2172 Italiam’',

83 2219 213 2282 Galitss
237 2218 412 2302 (Cliniasi)
437 2221 591 2302 denique,
616 2221 674 2302 qui
697 2221 845 2302 scripsit:
866 2269 885 2296 „
895 2240 970 2283 cum
991 2225 1063 2303 post
1076 2221 1206 2284 obitum

85 2344 215 2407 Aeneae
238 2345 416 2427 imperium
440 2344 558 2407 ltaliae
581 2345 782 2427 pervenisset
805 2345 847 2407 66
869 2342 1061 2407 Latinum.''

80 2555 82 2558 y
128 2464 303 2532 Nonnulla
337 2469 528 2532 testimonia
562 2473 675 2533 autem
707 2474 896 2551 supersunt,
927 2470 1051 2550 quibus
1082 2489 1103 2531 6
1125 2470 1207 2532 viris

82 2593 185 2656 doctis
208 2591 258 2656 vis
281 2592 410 2656 diversa
432 2593 640 2657 attribuitur.
663 2593 759 2676 Apud
778 2593 985 2657 Macrobium
1007 2591 1127 2672 66611,
1143 2597 1207 2672 2,4

83 2716 242 2798 legimus:
278 2713 465 2798 „Vergilius
494 2717 700 2781 eversionem
733 2717 861 2799 Trojas,
886 2736 962 2780 cum
994 2718 1118 2782 Sinone
1149 2739 1207 2783 sno

84 2846 116 2903 66
138 2859 222 2922 6666
245 2841 353 2923 ligneo
377 2841 558 2922 ceterisque
582 2840 748 2918 omnibus,
772 2859 859 2922 6666
878 2841 1002 2904 librum
1023 2843 1205 2905 secundum

83 2966 211 3030 faciunt
234 2985 254 3028 6
275 2966 434 3029 Pisandro
459 2966 501 3028 ad
525 2967 664 3030 verbum
692 2962 943 3048 transscripsit.’'
967 2967 1029 3029 Sed
1049 2967 1207 3031 omnibus

83 3092 334 3174 quaestionibus
368 3092 407 3155 66
443 3092 505 3154 666
538 3091 698 3154 Pisandro
734 3090 866 3168 relictis,
903 3091 940 3152 in
977 3091 1054 3154 libri
1091 3091 1208 3154 Aenei-

84 3217 142 3281 dos
172 3217 307 3280 secundi
337 3217 403 3279 666
434 3212 601 3298 Vergilius
632 3214 779 3278 Aeneam
808 3233 884 3277 cum
908 3216 975 3278 suis
999 3216 1034 3277 16
1059 3221 1207 3279 montem

84 3339 179 3404 Idam
210 3341 432 3419 decedentem,
464 3359 531 3403 non
563 3345 674 3404 tamen
699 3341 741 3403 66
767 3341 837 3404 1666
862 3342 1042 3404 remotiora
1064 3341 1210 3424 proficis·

84 3470 214 3538 centem
237 3464 416 3546 descripsit.
1117 3436 1120 3440 ⁴

128 3589 258 3654 Tabula
288 3589 403 3666 111666,
433 3608 518 3670 6666
546 3589 595 3669 (cl.
619 3585 829 3669 Bernhardy,
853 3588 909 3652 Gr.
933 3590 1086 3654 Litterat.
1111 3589 1154 3668 II,
1181 3591 1209 3668 l,

86 3716 159 3779 191.
184 3716 407 3792 Μ666166666,
433 3714 597 3797 Antiquit.
622 3715 749 3797 expliq.
774 3712 831 3793 IV,
856 3717 874 3778 2
899 3720 931 3779 66
955 3722 1136 3780 comment.
1156 3737 1209 3800 pg.

85 3841 148 3904 297
170 3846 253 3925 666.)
290 3841 420 3905 6666616
451 3841 591 3923 septimo
621 3840 753 3905 decimo
785 3847 925 3905 exeunte
955 3843 997 3905 ad
1030 3843 1119 3906 viam
1147 3844 1210 3926 Ap·

83 3967 175 4048 piam
197 3967 346 4044 inventa,
370 3971 518 4048 tempore
534 3971 594 4029 ant
614 3966 696 4028 Julii
724 3964 874 4031 (16666616
892 3972 951 4030 666
964 3948 1102 4032 μ(1166611
1115 3968 1202 4032 sacta

84 4091 215 4169 dicitur,
229 4092 283 4155 cui
294 4092 382 4154 inter
393 4091 475 4155 61166
487 4091 602 4155 6166166
614 4092 800 4174 subscripta
811 4097 890 4156 6666
903 4094 999 4157 haec:
1016 4091 1203 4173 „⁹1ulovrrr'p·

83 4184 128 4288 rra
140 4213 221 4279 66661
232 4214 419 4296 Στησίχορον,
428 4213 587 4296 Τρωικός”,
600 4222 632 4280 66
644 4217 788 4299 61666661
803 4237 877 4300 pars
890 4237 975 4299 6666
988 4219 1021 4280 16
1038 4220 1187 4300 margine
1201 4245 1208 4284 ε

84 4340 225 4420 ,Αἰνέας
255 4341 306 4405 σὺν
329 4340 489 4414 6616161666
512 4340 641 4422 ἀπαίρων
665 4341 705 4413 εἷς
733 4340 785 4413 τὴν
810 4340 996 4424 ’1666616νῆ
1022 4345 1050 4407 61
1072 4346 1209 4410 certiore
