2956 5040
712 416 754 475 68

176 615 245 694 jam
260 665 267 679 .
282 666 289 680 .
304 667 311 681 .
326 665 332 681 .
358 620 459 695 Atlas,
480 618 571 683 Idem
594 620 684 684 Atlas
695 630 832 704 generat
846 674 853 691 .
868 672 875 687 .
891 676 899 691 .
914 676 921 691 .
935 628 989 693 Sic
1001 649 1109 712 genus
1122 638 1318 703 amborum

180 740 297 805 scindit
327 763 360 807 se
383 745 545 827 sanguine
568 746 611 808 ab
635 745 736 809 uno.'’
760 748 847 810 Eum
872 751 1029 817 Evander
1052 759 1199 840 excipit,
1225 784 1318 827 com-

182 881 365 932 memorans
395 889 428 933 se
451 869 530 932 olim
557 869 734 947 Anchisen,
759 878 887 955 patrem
911 879 990 958 ejus,
1014 880 1149 945 vidisse.
1179 883 1320 953 Deinde

180 986 316 1071 dapibus
349 995 494 1076 vinoque
525 994 650 1057 refectis
686 1014 819 1059 causam
857 1002 944 1060 tanti
978 1001 1135 1067 Herculis
1171 1009 1321 1076 honoris

179 1122 301 1180 narret.
333 1120 451 1184 Postea
477 1118 636 1181 sacrificia
659 1119 899 1200 instaurantur,
924 1143 1012 1205 quae
1035 1127 1195 1194 familiae
1221 1135 1318 1199 Poti-

179 1239 298 1305 tiorum
324 1245 598 1321 Pinariorumque
623 1243 685 1307 sibi
710 1264 808 1308 curae
829 1247 963 1312 habent.

223 1365 354 1433 Divinis
376 1372 473 1435 rebus
495 1369 636 1452 peractis
658 1389 692 1432 se
714 1369 755 1432 ad
780 1370 897 1434 urbem
921 1374 1069 1439 referunt
1088 1383 1123 1441 et
1143 1381 1318 1451 Evander

178 1508 262 1572 quae
276 1494 507 1560 memorabilia
520 1493 555 1555 in
569 1493 623 1555 via
637 1494 884 1575 perspiciuntur
895 1497 1052 1579 explicet,
1062 1501 1103 1564 ct'.
1113 1503 1314 1588 Aen.VIII,

179 1613 362 1684 aot-369.
383 1618 527 1684 Nemora
548 1617 637 1693 haec,
652 1617 771 1698 inquit,
784 1619 865 1680 olim
884 1621 993 1684 Fauni
1007 1621 1265 1713 Nymphaeque
1279 1642 1316 1699 ct

177 1738 241 1801 viri
262 1743 367 1819 rudes,
388 1762 543 1827 agrorum
558 1742 684 1805 cultum
699 1747 730 1805 et
741 1744 965 1824 parsimoniae
977 1753 1085 1810 artem
1100 1740 1312 1837 nescientes,

176 1870 363 1946 tenuerunt,
397 1868 519 1951 quibus
554 1867 716 1929 Saturnus
746 1867 884 1949 primns,
916 1869 1045 1952 fugiens
1074 1891 1173 1938 arma
1197 1880 1313 1961 Jovis,

176 1992 265 2073 leges
287 1995 376 2060 dedit
398 2002 431 2059 et
456 2012 578 2058 nomen
603 1993 772 2071 Latinum,
795 1994 953 2074 quoniam
981 1996 1088 2059 bisin
1114 2001 1184 2063 oris
1211 2008 1311 2074 tutus

175 2118 337 2184 latuisset.
364 2119 430 2184 Illa
454 2117 565 2184 felicia
589 2122 737 2199 tempora
760 2122 873 2181 tamen
897 2129 1121 2186 evanuerunt.
1147 2124 1311 2194 Ausones

176 2243 354 2329 Sicanique
385 2246 436 2308 his
467 2240 655 2325 regionibus
682 2241 778 2323 potiti
811 2249 899 2319 sunt,
930 2243 989 2304 alii
1019 2250 1094 2326 post
1116 2265 1184 2326 eos,
1213 2253 1312 2318 inter

174 2389 257 2454 quos
279 2391 336 2436 rex
360 2370 516 2452 Thybris.
540 2363 638 2429 Jussu
663 2363 871 2444 Carmentae,
897 2369 1014 2430 matris
1040 2389 1145 2450 meae,
1171 2373 1309 2457 Apolli-

174 2497 293 2577 nisque
322 2516 381 2580 ego
415 2496 472 2558 has
500 2510 573 2556 oras
595 2490 709 2573 petivi.
734 2474 793 2552 His
817 2492 958 2554 narratis
981 2510 1075 2555 aram
1097 2502 1309 2582 portamque

175 2621 420 2687 Carmentalem
452 2621 631 2692 monstret;
663 2614 781 2679 deinde
809 2614 933 2692 lucum,
964 2635 1064 2698 quem
1096 2624 1214 2701 postea
1238 2625 1310 2688 Ro.

176 2746 289 2812 mulus
311 2747 443 2828 asylum
466 2742 551 2818 lecit,
572 2746 605 2804 et
623 2739 794 2823 Lupercal,
815 2739 939 2803 dictum
961 2740 1001 2804 de
1014 2761 1106 2806 more
1118 2743 1305 2815 Parrhasio

176 2873 283 2936 Panos
313 2870 444 2953 Lycaei,
469 2871 501 2931 et
529 2883 647 2928 nemus
670 2865 753 2927 sacri
779 2863 928 2946 Argileti,
953 2866 1011 2929 ubi
1039 2866 1155 2950 Argus,
1182 2871 1307 2956 hospes

174 3015 263 3076 suus,
288 2997 434 3082 sepultus
456 2998 514 3057 est.
537 2991 712 3072 Pergentes
735 2987 797 3053 iter
820 2989 929 3052 sedem
950 2990 1125 3074 Tarpejam
1146 2998 1181 3057 et
1197 2994 1304 3081 Capi·

174 3123 316 3190 telinum
341 3121 470 3197 collem,
496 3119 529 3180 in
554 3136 620 3199 quo
642 3116 720 3180 deus
739 3116 894 3195 incertus,
908 3134 1006 3196 quern
1020 3113 1139 3182 Jovcm
1154 3118 1304 3190 Arcades

174 3247 323 3327 credunt,
364 3244 493 3309 habitat
528 3245 561 3305 et
595 3240 736 3304 duorum
773 3239 968 3322 oppidorum
1006 3251 1225 3309 monumenta
1262 3251 1301 3314 in

174 3370 329 3436 ianiculo
364 3366 595 3451 Capitolioque
624 3363 808 3446 inspiciunt
838 3364 1042 3447 tandemque
1072 3368 1114 3430 ad
1141 3375 1302 3452 pauperis

175 3497 323 3562 Evandri
359 3499 446 3559 tecta
479 3490 688 3574 perveniunt,
722 3489 780 3552 ubi
811 3490 915 3572 quieti
946 3509 980 3554 se
1010 3491 1101 3556 daut.
1134 3495 1301 3563 Postridie

176 3641 253 3688 eum
284 3619 441 3685 Evander
470 3617 589 3681 incitat
622 3622 657 3680 ut
681 3613 847 3679 auxilium
871 3621 961 3698 petat
985 3617 1211 3697 Etruscorum,
1236 3626 1299 3705 qui

175 3766 285 3830 regem
316 3744 502 3811 desiderant
533 3743 668 3825 ejusque
699 3741 734 3803 in
765 3740 862 3805 fldem
888 3741 1077 3806 Pallantem
1103 3747 1298 3812 committit.

176 3873 284 3938 Sacris
307 3868 444 3935 Herculi
468 3869 564 3932 iactis
589 3867 852 3950 proficiscuntur.

219 3997 309 4062 Haeo
335 3991 565 4060 memorabilia
587 3993 710 4068 omnia,
731 3995 861 4074 praeter
881 3993 951 4075 ejus
963 3992 1003 4055 de
1016 3999 1120 4057 morte
1131 3993 1295 4061 Pallantis

176 4124 304 4187 luctum
328 4121 411 4202 (Lib.
431 4116 487 4198 XI,
510 4117 694 4198 lte-181)
716 4121 803 4193 sunt,
816 4135 901 4198 quae
913 4116 1082 4198 Vergilius
1094 4117 1133 4180 de
1145 4118 1295 4184 Evandri
1357 4135 1360 4139 ·

176 4247 372 4332 Aeneaeque
395 4263 579 4329 congressu,
599 4244 670 4326 jam
693 4261 714 4304 a
737 4241 867 4322 Sibylla
889 4238 1037 4305 Cumaea
1057 4243 1222 4324 praedicto
1236 4241 1292 4324 VI,

176 4375 235 4436 96:
270 4417 378 4452 .....
392 4371 456 4434 Via
485 4370 594 4454 prima
623 4368 749 4444 salutis,
782 4363 878 4446 Quod
908 4367 1050 4432 minime
1074 4368 1164 4447 reris,
1192 4369 1293 4453 Graja
