2956 5040
783 416 827 474 oo

244 650 342 693 suum
365 629 540 711 appulsum
564 628 796 706 acceptasset,
818 621 942 702 gratias
964 620 1052 700 agit;
1075 618 1123 679 sie
1146 632 1312 698 generum
1338 629 1372 672 se
1461 622 1464 628 ’

246 752 380 834 praebet
397 752 549 832 dignum,
566 750 624 830 qui
643 754 675 809 et
687 766 709 808 a
719 765 831 808 socero
842 750 875 806 et
886 745 931 806 ab
945 760 1049 804 uxore
1060 745 1196 802 ametur
1203 763 1212 815 ;
1224 738 1276 799 sio
1288 737 1375 797 Lau·

247 878 397 939 rentibus
418 892 492 936 eam
512 872 767 934 admirationem
790 869 843 930 sui
862 866 1019 948 injicitut
1033 882 1154 944 magno
1167 881 1246 924 oum
1261 859 1375 922 studio

248 1000 465 1081 Trojanorum
490 996 680 1058 societatem
699 998 832 1075 petant;
852 992 898 1053 sie
918 1009 979 1051 sna
991 990 1115 1049 virtute
1128 985 1374 1048 dissensionem

249 1125 337 1185 inter
357 1122 528 1203 indigenas
550 1125 583 1181 et
605 1118 751 1179 advenas
770 1115 871 1188 tollit,
889 1111 1150 1192 inimicitiasque
1169 1115 1260 1172 ortas
1272 1107 1378 1188 repri-

252 1247 315 1307 mit
347 1249 380 1307 et
411 1243 454 1305 ad
485 1247 612 1303 tentam
642 1239 849 1302 eoncordiam
883 1237 1033 1319 perducit
1057 1240 1105 1311 nt,
1132 1234 1250 1317 paucis
1274 1233 1378 1294 annis

251 1373 322 1450 post
342 1387 410 1429 uno
427 1366 491 1428 sub
510 1365 647 1426 nomine
655 1364 774 1443 juncti,
786 1381 846 1443 per
856 1362 971 1423 omnia
982 1361 1115 1423 saecula
1125 1359 1238 1421 Latini
1253 1375 1381 1421 vooen·

255 1498 326 1570 tur3
349 1492 396 1554 sie
419 1488 546 1552 Aeneas
564 1487 729 1569 Trojanns
746 1506 824 1549 eum
845 1485 1024 1549 comitibus
1034 1486 1103 1548 suis
1113 1485 1225 1546 Latini
1237 1483 1329 1544 fiunt
1344 1487 1380 1544 et

253 1612 407 1696 perviam
422 1616 600 1692 aequatam
615 1610 776 1672 Ascanius
784 1609 892 1684 Julus,
904 1608 1047 1671 Veneris
1056 1627 1168 1689 nepos,
1179 1606 1272 1668 Jovis
1284 1603 1381 1667 Indi-

254 1737 338 1816 getis
359 1735 447 1796 filius
468 1735 557 1796 inter
579 1735 819 1796 vetustissimas
841 1733 955 1814 populi
979 1732 1125 1794 Romani
1143 1735 1259 1812 gentes
1271 1749 1377 1791 suunr

255 1860 366 1922 losum
390 1858 549 1921 obtinuit.
572 1857 643 1919 Hoc
665 1856 775 1919 Julius
796 1855 918 1920 (amar
938 1856 1100 1930 voluerat,
1123 1856 1160 1916 in
1180 1854 1382 1916 laudatione

256 1980 388 2045 funebri
421 1981 542 2057 duliae,
575 1982 709 2056 amitae,
743 1980 872 2043 dicens:
908 1978 1025 2056 „Nam
1055 1980 1101 2042 ab
1130 1978 1223 2042 Anco
1255 1978 1384 2041 Martio

257 2113 335 2169 sunt
356 2105 472 2168 Marcii
491 2103 603 2187 Reges,
625 2123 693 2186 quo
716 2106 852 2167 nomine
876 2105 938 2166 luit
959 2109 1075 2178 mater,
1094 2121 1116 2164 a
1135 2102 1265 2165 Venere
1285 2102 1384 2180 Julii,

257 2233 350 2315 eujus
382 2232 490 2312 gentis
521 2230 650 2292 familia
685 2235 734 2292 est
767 2228 910 2305 nostra’'‚
939 2230 980 2290 of.
1009 2228 1100 2291 Suet.
1132 2228 1209 2290 Div.
1241 2223 1316 2289 Jul.
1350 2229 1385 2290 6.

259 2354 330 2418 Hoe
352 2354 479 2435 optavit
502 2352 671 2435 Augustus
692 2354 734 2415 ef.
757 2351 854 2416 Orid.
878 2353 980 2414 Trist.
999 2349 1046 2428 II,
1067 2353 1148 2413 533:
1171 2350 1243 2426 „nt
1262 2355 1384 2414 tamen

259 2477 319 2539 ille
350 2482 426 2539 tuae
452 2477 529 2539 felix
552 2476 715 2540 Aeneidos
736 2482 853 2539 auctor
875 2475 1028 2540 Oontnlit
1050 2476 1087 2536 in
1111 2475 1231 2556 Tyrios
1253 2495 1388 2551 „arma

260 2598 458 2680 virumque''
480 2599 599 2675 toros’',
622 2605 653 2662 et
667 2600 810 2662 Maerob.
823 2600 957 2662 Salurn.
968 2599 995 2674 Ι,
1009 2599 1061 2674 tt,
1077 2599 1128 2675 ll,
1140 2599 1383 2680 (fragmentum

262 2720 405 2804 Vergilii
430 2721 587 2804 epistolae
609 2724 650 2785 ad
677 2723 894 2805 Augustum:
919 2723 1018 2805 „Ego
1044 2742 1122 2787 vero
1146 2723 1341 2804 frequentes
1365 2743 1388 2786 a

263 2853 296 2909 te
329 2848 457 2909 litteras
490 2843 645 2927 aecipio'',
675 2852 708 2909 et
730 2847 820 2909 iutra
842 2848 921 2921 „De
946 2847 1061 2910 Aenea
1082 2848 1217 2929 quidem
1242 2865 1331 2923 meo,
1356 2849 1388 2910 si

264 2971 426 3034 mehercle
445 2970 515 3050 jam
539 2972 678 3053 dignum
702 2971 838 3033 auribus
861 2972 1017 3034 haberem
1041 2972 1117 3047 tuis,
1142 2970 1286 3033 libenter
1310 2972 1390 3034 mit·

262 3101 377 3173 terem,
407 3094 463 3158 sed
494 3101 588 3157 tanta
617 3095 771 3157 inelroata
800 3113 851 3157 res
880 3101 939 3169 est,
963 3101 1001 3156 ut
1024 3113 1131 3175 paene
1154 3094 1237 3157 vitio
1262 3094 1390 3158 mentis

264 3224 397 3281 tantum
423 3237 506 3300 opus
527 3218 692 3300 ingressus
713 3218 795 3280 mihi
817 3217 949 3281 rideaff'
960 3224 1038 3282 cett.
1052 3215 1123 3281 Hoe
1135 3216 1304 3299 Vergilius
1317 3238 1389 3301 per·

265 3343 361 3407 ficere
381 3347 519 3406 conatos
541 3348 590 3405 est
611 3342 859 3424 perfecissetque
882 3342 944 3403 nisi
970 3346 1075 3405 morte
1094 3348 1179 3405 esset
1200 3360 1390 3425 oppressus.
