2956 5040
665 426 681 486 7

109 634 331 716 plurimorum
364 633 459 716 hujus
490 632 565 694 aevi
599 631 768 694 doctorum
795 632 945 713 exemplo
969 651 1046 695 eurn
1069 633 1140 696 sine
1166 635 1236 698 ulla

110 757 300 839 exceptione
325 775 503 838 sequemur
527 757 660 838 ejusque
684 775 818 818 carmen
842 756 1085 836 antiquitatum
1111 776 1230 839 purum

110 882 354 965 limpidumque
376 883 501 945 fontem
525 882 732 945 habebimus.
758 879 853 960 Quae
877 884 987 944 tamen
1013 900 1079 943 non
1098 882 1233 964 Vergilii

111 1009 207 1089 culpa
231 1012 280 1070 est
302 1008 358 1071 sed
381 1026 497 1070 eorum
523 1007 580 1088 qui
605 1007 675 1087 ejus
700 1025 797 1087 opere
810 1012 982 1087 tamquam
996 1006 1235 1088 antiquitatum

110 1132 200 1194 fonte
223 1132 274 1194 usi
298 1135 387 1208 sunt,
407 1131 494 1213 quod
509 1134 579 1213 jam
603 1137 636 1193 et
648 1131 858 1212 sequentium
873 1130 1068 1212 scriptorum
1082 1132 1237 1195 nonnulli

111 1260 454 1337 commentatoresque
482 1257 641 1332 lecerunt,
664 1255 732 1336 qui,
753 1258 790 1317 ut
810 1255 954 1332 Servius,
974 1256 1067 1318 fictas
1079 1275 1129 1319 res
1143 1275 1238 1319 veras

111 1377 278 1454 dixerunt,
311 1381 525 1461 jurantesque
564 1380 600 1440 in
635 1383 752 1460 poetae
789 1379 890 1442 verba
926 1378 1047 1461 populo
1082 1379 1236 1445 Romano

111 1505 315 1568 ceremonias
345 1505 519 1586 cultusque
542 1504 710 1586 assignare
734 1505 805 1566 ausi
830 1508 918 1580 sunt,
941 1522 1027 1585 quae
1050 1521 1237 1586 numquam

110 1631 146 1692 in
183 1649 244 1692 usu
279 1630 420 1692 fuerant.
458 1628 520 1690 Ille
555 1633 667 1690 tamen
704 1646 870 1722 nusquam
906 1627 1098 1710 scriptorem
1131 1647 1239 1710 neque

112 1773 223 1817 rerurn
248 1757 397 1816 actarum
423 1771 530 1834 neque
554 1752 794 1833 antiquitatum
815 1770 849 1814 se
868 1752 1032 1834 professus
1054 1756 1119 1830 est;
1134 1753 1241 1817 voluit

113 1899 181 1944 esse
205 1880 334 1960 fuitque
357 1883 467 1961 poeta.

158 2003 401 2084 Quaerentibus
430 2003 536 2080 nobis,
570 2001 649 2083 quid
682 2002 747 2064 viri
779 2002 866 2064 docti
891 2000 931 2064 de
955 1999 1118 2064 Aeneidos
1142 2021 1239 2085 argu·

116 2135 229 2194 mento
261 2129 530 2193 existimaverint
561 2128 803 2190 sententiarum
836 2128 941 2208 major
974 2128 1073 2190 turba
1097 2129 1239 2191 occurrit

112 2273 212 2336 quam
239 2257 276 2317 ut
295 2250 353 2315 has
372 2250 565 2334 singillatim
587 2251 706 2314 reterre
727 2250 835 2314 liceat.
858 2251 943 2313 Sunt
961 2251 1029 2332 qui,
1051 2256 1086 2314 ut
1106 2248 1240 2334 Dunlop

117 2378 199 2460 (The
233 2376 359 2458 history
392 2378 427 2440 ol
456 2377 588 2440 Roman
624 2375 807 2454 literature,
845 2375 1031 2456 1823-28)
1058 2375 1239 2441 Aeneidem

115 2503 307 2584 allegoriam
330 2503 441 2564 dicant
461 2502 721 2584 insignioresque
741 2519 896 2582 personas
908 2501 1239 2585 praecipueAugusti
1365 2572 1368 2577 ,

113 2629 309 2709 aequalibus
340 2628 536 2704 attribuant,
568 2628 754 2708 quibusque
786 2628 915 2690 Aeneas
945 2627 1129 2710 Augustus,
1154 2629 1238 2692 Dido

115 2749 302 2834 Cleopatra,
347 2752 479 2815 Turnus
521 2752 699 2830 Antonius,
734 2753 874 2815 Latinus
906 2753 1059 2834 Lepidus,
1094 2754 1237 2817 Lavinia

115 2877 224 2954 Livia,
258 2876 379 2939 Amata
408 2876 532 2939 Fulvia
565 2881 624 2939 etc.
650 2896 718 2940 esse
744 2878 930 2940 videantur.
956 2875 1034 2955 Alii,
1060 2883 1098 2941 ut
1121 2873 1239 2942 labbe

117 3002 223 3082 Valry
253 3003 418 3082 (Discours
447 3021 504 3063 sur
534 3000 568 3062 la
600 3000 688 3064 table
718 3001 758 3064 de
789 3000 950 3064 l'Eneide.
974 3003 1074 3066 Mem.
1099 3004 1139 3067 de
1162 3004 1239 3067 Litt.

115 3127 219 3189 XIX:
234 3127 308 3204 355,
333 3121 493 3189 Memoire
516 3145 572 3188 sur
595 3125 747 3209 l'origine
771 3127 811 3189 de
835 3126 869 3190 la
890 3128 1018 3191 famille
1037 3129 1138 3206 Julia‚
1158 3129 1239 3192 ibid.

114 3253 305 3333 XV12421)
336 3252 578 3316 contenderunt
608 3255 738 3334 poetam
765 3252 976 3315 assimulasse
1001 3251 1148 3316 Aeneam
1174 3253 1242 3316 Au-

114 3382 218 3457 gusto,
254 3377 315 3438 alii
348 3395 425 3439 eum
461 3377 614 3456 antiquos
651 3395 757 3438 mores
793 3374 967 3458 cultusque
1003 3375 1148 3459 laudare,
1179 3377 1240 3439 alii

114 3520 236 3564 arcana
267 3501 428 3582 quaedam
462 3500 604 3583 Augusti
634 3501 770 3564 consilia
801 3500 913 3585 populi
948 3501 1092 3563 Romani
1125 3503 1240 3565 animo

114 3627 281 3690 inculcare
305 3627 459 3690 voluisse.
487 3625 564 3702 Alii,
589 3629 626 3688 ut
647 3626 678 3689 le
697 3625 798 3690 Bossu
820 3632 852 3688 et
872 3626 1043 3707 Spencius,
1057 3626 1239 3689 Aeneidem

115 3751 157 3812 ad
190 3770 241 3813 res
275 3751 427 3832 publicas
461 3755 608 3832 spectare
638 3751 701 3814 sibi
734 3769 926 3832 persuasum
959 3751 1092 3826 habent,
1119 3750 1179 3812 alii
1204 3756 1241 3814 ut

116 3873 155 3937 G.
180 3875 321 3938 Boissier
354 3875 398 3955 (la
422 3875 560 3957 religion
585 3877 751 3940 Romaine
774 3875 956 3957 d’Auguste
975 3895 1042 3938 aux
1063 3875 1240 3956 Antonias)

115 4021 249 4066 carmen
262 4002 415 4083 inprimis
427 4000 630 4083 religiosum,
640 4001 698 4063 alii
711 4001 853 4083 denique
865 4001 1035 4064 heroicum
1047 4001 1239 4082 opinantur.

160 4127 224 4189 Sed
248 4147 314 4190 non
339 4127 433 4189 oredo
455 4131 586 4189 tantum
607 4146 688 4209 opus
711 4146 859 4208 unquam
875 4131 943 4188 lam
957 4126 1114 4190 continuo
1128 4130 1239 4188 tenore

114 4257 284 4334 peractum
308 4270 376 4314 esse
400 4256 437 4314 ut
457 4272 562 4314 unum
584 4253 701 4315 horum
720 4249 918 4334 judiciorum
933 4250 1083 4326 sufficiat,
1095 4268 1239 4331 praeser-

118 4379 178 4441 tim
213 4396 317 4458 quum
352 4384 484 4459 poetam
521 4379 633 4441 decem
669 4397 774 4440 anuos
806 4378 842 4438 in
873 4377 1019 4439 carmine
1051 4395 1109 4438 suo
1134 4375 1241 4438 elabo-
