2956 5040
711 395 750 456 20

175 602 238 665 1166
269 603 368 685 digna
393 608 485 679 esset,
511 603 732 666 Stesichorum
758 604 887 667 Aeneae
910 605 951 667 ed
978 601 1109 666 Italiam
1135 605 1292 667 transitus

176 728 327 810 primum
357 733 472 790 testem
494 727 664 791 iudicaret.
687 729 748 791 Sed
769 730 850 810 qnia
863 748 922 792 nec
933 729 1118 811 fragmenta
1131 730 1202 810 ejus
1215 727 1298 791 ’11166

177 849 313 931 uiperae,
349 872 458 934 neque
495 854 584 916 nllus
617 854 766 935 scriptor,
803 853 872 936 ejus
903 873 1001 936 opera
1031 855 1146 930 611666,
1171 854 1297 917 dehac

178 978 308 1042 Aeneae
337 978 470 1041 itineris
492 978 712 1060 descriptione
737 979 941 1043 mentionem
967 979 1054 1054 lacit,
1078 979 1197 1042 deinde
1223 981 1301 1062 quia

178 1109 309 1185 tempus
344 1101 525 1167 Caesarum
559 1103 656 1166 valde
687 1104 843 1167 idoneum
877 1101 941 1167 tuit
972 1105 1013 1167 ad
1037 1104 1117 1166 16116
1141 1105 1301 1187 figmenta

177 1228 353 1309 prodenda,
388 1229 468 1291 haec
503 1227 698 1310 subscriptio
731 1228 813 1289 mihi
843 1228 944 1291 nimis
974 1234 1123 1310 suspecta
1156 1228 1301 1306 videtur,

176 1371 279 1434 quam
305 1358 342 1416 ut
366 1353 481 1416 tabula
503 1350 560 1415 illa
583 1372 643 1434 pro
664 1353 852 1417 testimonio
872 1353 912 1417 de
923 1353 1098 1416 Stesichori
1111 1355 1302 1419 narratione

178 1479 352 1542 habeatur.

223 1605 320 1688 Apud
344 1606 597 1686 Lycophronem
621 1606 656 1667 16
681 1603 870 1668 Alexandra
897 1603 1034 1684 Aeneas,
1054 1606 1113 1688 qui
1133 1606 1306 1671 indicatur

179 1747 209 1791 v.
248 1728 332 1790 1232
370 1732 402 1791 61
440 1729 536 1808 1266,
568 1728 726 1792 1111666611
762 1730 815 1808 (66
848 1747 886 1792 66
912 1728 1042 1792 Aenum
1065 1729 1238 1812 appellati,
1265 1730 1303 1793 cl.

177 1852 310 1917 Tzetzes
335 1853 431 1934 1236)
452 1853 615 1916 habitavit
634 1858 667 1916 et
679 1872 719 1916 ex
732 1853 912 1914 Haimonia
926 1852 1068 1936 (regione
1081 1853 1249 1931 Boeotiae,
1264 1854 1303 1917 cl.

177 1979 275 2042 Paua.
310 1977 371 2054 IX,
396 1978 448 2054 34,
477 1979 527 2054 10,
552 1978 765 2040 Macedoniae
789 1977 828 2040 cl.
851 1978 951 2041 Marc.
975 1977 1082 2042 Schol.
1110 1979 1304 2060 12361666-

177 2101 280 2164 fectus
314 2105 361 2163 est
395 2100 437 2163 ad
472 2100 710 2182 Tyrrheniam,
734 2101 794 2163 ubi
825 2100 947 2164 flumen
972 2101 1115 2182 Lingeus
1138 2102 1306 2184 urbesque

177 2225 273 2288 Pisae
297 2231 330 2288 61
349 2224 469 2307 Agylla
490 2222 614 2307 (Caere)
629 2244 706 2288 eum
720 2228 927 2306 acceperunt.
942 2225 1148 2307 „Postquam
1160 2226 1209 2289 ibi
1222 2244 1304 2288 cum

178 2347 275 2413 Nano
309 2347 479 2432 (Odysseo)
512 2349 752 2430 nepotibusque
785 2346 947 2426 Heraclio,
971 2350 1139 2413 Tarchone
1161 2354 1194 2413 61
1218 2351 1305 2431 Tyr-

177 2477 292 2552 rheno,
316 2476 428 2539 foedus
450 2475 546 2538 icerit
569 2479 602 2538 et
626 2494 775 2538 mensam
799 2475 949 2538 ciborum
970 2475 1104 2557 plenam
1120 2475 1305 2552 invenerit,

177 2619 279 2681 quarn
311 2598 389 2662 socii
419 2599 470 2660 sui
495 2599 677 2675 comedent,
703 2599 738 2661 in
763 2600 897 2681 regione
922 2598 1137 2681 Aboriginum
1162 2598 1306 2681 triginta

176 2743 267 2788 arces
300 2711 416 2788 condet
454 2724 636 2787 secundum
668 2743 847 2787 numerum
880 2724 1110 2807 porcellorum,
1133 2742 1217 2806 qnos
1247 2743 1307 2786 sus

177 2849 282 2930 nigra,
307 2867 346 2911 ex
368 2849 427 2911 Ida
450 2849 493 2911 ab
516 2868 553 2912 eo
578 2849 725 2925 advecta,
750 2848 897 2926 ediderit,
917 2867 1059 2929 quornm
1081 2847 1304 2911 simulacrum

177 2973 213 3035 in
245 2974 326 3037 urbe
354 2973 570 3037 consecrabit.
594 2972 633 3034 In
658 2972 757 3052 adyto
783 2971 911 3054 templi,
935 2972 1023 3054 quod
1046 2972 1204 3052 Myndios
1228 2972 1306 3034 Pal-

179 3093 280 3159 lenidi
317 3096 513 3178 (Minervae)
549 3096 675 3173 condet,
706 3094 885 3158 simulacra
917 3095 1080 3159 Penatum
1114 3095 1308 3175 collocabit,

178 3239 263 3301 quae
292 3219 391 3302 Troja
424 3220 558 3282 incensa
589 3219 788 3300 Graecisque
820 3220 850 3283 ei
875 3220 1031 3282 dantibus
1054 3217 1222 3302 optionem
1248 3239 1304 3282 su·

179 3343 291 3407 rneudi
324 3365 366 3408 ex
400 3345 535 3427 aedibus
571 3345 659 3426 quod
695 3344 786 3422 velit,
823 3363 957 3408 uxorem
990 3346 1175 3428 liberosque
1199 3347 1305 3409 relin-

179 3485 294 3548 quens,
327 3486 401 3530 cum
435 3473 530 3548 patre
560 3467 743 3531 servaverit
752 3492 760 3544 ;
785 3487 884 3549 quam
908 3469 949 3532 ob
974 3488 1107 3532 causam
1131 3469 1234 3532 etiam
1259 3471 1305 3533 ab

179 3590 327 3653 inimicis
361 3591 435 3672 pius
467 3591 656 3654 habebitur.
679 3591 887 3673 Posterisque
910 3592 979 3654 suis
1001 3594 1144 3674 patriam
1169 3593 1302 3658 felicem

179 3715 318 3796 parabit,
343 3715 440 3778 sitam
469 3717 566 3797 juxta
589 3715 673 3777 altas
695 3715 795 3778 silvas
819 3713 957 3794 Circaei,
983 3722 1014 3780 et
1036 3723 1169 3800 portum
1195 3719 1305 3801 incly-

182 3843 252 3900 tum
289 3836 438 3922 Argonis,
471 3840 619 3918 Aeetam,
650 3836 682 3904 61
712 3841 852 3904 Phorces
882 3847 916 3904 et
943 3843 1064 3905 flumen
1089 3843 1244 3907 Titonem
1271 3852 1306 3910 et

180 3963 444 4044 promontorium
474 3965 612 4028 Zosterii
638 3963 835 4047 (Apollinis),
859 3965 918 4028 ubi
941 3966 1143 4029 horrendum
1167 3968 1306 4031 domici·

179 4085 263 4148 lium
289 4083 468 4168 Sibyllae.''
492 4088 589 4151 Talia
612 4087 810 4167 Alexandra,
835 4090 960 4152 Priami
987 4090 1065 4169 filia,
1088 4092 1304 4157 vaticinatur.

225 4211 315 4275 Haec
349 4212 451 4295 vulgo
482 4213 692 4296 Lycophroni
724 4214 966 4278 attribuuntur.
997 4214 1081 4279 Sunt
1107 4222 1219 4281 tamen
1245 4218 1304 4301 qui

181 4353 258 4399 eum
284 4334 491 4400 Alexandrae
514 4344 681 4401 auctorem
703 4357 770 4402 esse
790 4344 908 4421 negent
929 4339 1196 4422 contendantque
1216 4361 1303 4420 earn,
