2956 5040
720 367 760 429 18

170 574 331 649 λίσσοντον
349 572 401 639 καί
421 572 632 655 ἀφικνούμενος
648 574 688 646 είς
700 574 800 653 θερμόν
810 571 990 652 καλούμενον
1002 572 1118 644 κόλπον,
1132 574 1287 654 Ἀγχίσην

173 699 228 776 μὲν
261 697 446 762 ἀποθανόντα
475 696 588 770 θάπτει,
610 697 699 768 αθτός
729 697 761 760 δὲ
783 701 839 761 τῶν
861 696 1020 778 ἐπιχωρίων
1043 696 1193 775 δεομένων,
1220 695 1290 768 ι’ίςσε

176 820 343 899 βασιλεύειν
367 823 472 895 αὐτῶν,
496 822 548 885 οὐκ
566 818 694 896 εδὲξατο.
716 814 794 885 Εἶτα
813 823 852 894 είς
863 820 916 894 την
927 820 1086 902 Βρονσιάδα
1098 828 1155 899 γῆν
1166 819 1295 902 ἔρχεται,

175 949 249 1011 πάσι
281 947 307 1012 δ’
332 941 364 1020 ἦν
388 946 524 1028 ἐφίμερος
547 939 585 1018 οἷς
608 943 794 1025 ἐντυγχάνει,
818 945 900 1010 κατόν
922 947 1009 1028 χάριν
1032 954 1086 1020 τῆς
1109 945 1297 1028 Ἀφροδίτης·

176 1073 303 1137 ἐνταῦθα
326 1071 540 1152 μυκησαμένης
562 1080 616 1147 τῆς
638 1071 838 1150 σννεπομένης
861 1073 941 1152 αὐτῷ
967 1071 1034 1150 βίος
1056 1068 1090 1146 ἐξ
1111 1069 1195 1146 Ἴδης
1215 1085 1298 1148 λαμ-

178 1196 262 1275 βάνει
293 1198 326 1263 τό
355 1194 459 1278 κράτος
488 1204 542 1272 τῆς
565 1203 632 1275 γῆς,
656 1194 788 1261 διδόντων
810 1200 866 1261 τῶν
888 1196 1046 1276 ἐπιχωρίων
1069 1193 1122 1260 καί
1145 1194 1219 1273 βοῦν
1243 1193 1298 1261 θθει

176 1322 338 1404 Ἀφροδίτη
363 1321 415 1386 καὶ
438 1319 527 1397 κτίξει
550 1321 643 1396 πόλιν,
666 1319 685 1395 θ’
707 1320 774 1386 τότε
796 1321 852 1399 μὲν
874 1318 975 1386 Αίνεια
997 1321 1057 1386 άπὸ
1080 1325 1131 1385 τοῦ
1156 1320 1212 1398 μὲν
1236 1319 1298 1386 κτί-

177 1472 292 1522 σαντος,
330 1444 443 1527 ὕστερον
479 1448 520 1521 δὲ,
551 1447 776 1529 παρενεγκόντος
805 1451 857 1512 τοῦ
889 1448 1039 1525 ὀνόματος,
1064 1439 1149 1519 Αἶνος
1181 1444 1290 1520 ἐκλίθη

178 1572 266 1652 λόγος
290 1571 346 1651 μὲν
369 1566 416 1638 οὖν
439 1567 478 1646 εἷς
501 1567 590 1646 οὗτος,
611 1572 666 1637 ὑπό
687 1572 836 1647 Ἑλλάνων
854 1570 904 1636 ἐπί
923 1571 1042 1643 σίλλοις
1053 1570 1155 1644 άλλως
1167 1569 1302 1649 λέγεται,

177 1699 191 1762 ό
222 1699 254 1762 δὲ
286 1699 318 1763 τό
349 1704 484 1775 Ρωμαῖοι
513 1695 596 1775 γένος
627 1697 666 1769 είς
689 1697 778 1762 αὐτόν
800 1673 964 1776 άναφέρων,
988 1692 1039 1760 καί
1063 1694 1188 1768 οίκίστην
1210 1702 1303 1760 ποίων

178 1819 314 1900 Ἀνιβας,
350 1821 403 1887 καί
434 1823 466 1886 τὸ
496 1822 677 1902 χρηστήριον,
701 1822 714 1884 ό
738 1827 883 1885 κατοικεῖν
906 1819 1020 1900 ἔτρεπε,
1044 1819 1125 1884 ὅποτ’
1149 1817 1187 1883 θον
1208 1820 1302 1893 αὐτὸς

178 1943 248 2024 όίμα
275 1952 337 2019 τοῖς
359 1945 411 2009 σὺν
434 1946 514 2027 αὐτῷ
538 1943 637 2022 θιίσας,
662 1943 742 2022 μετόν
765 1949 820 2008 τῶν
842 1944 938 2010 σιτίων
960 1942 1147 2026 καταφάγοι,
1172 1944 1223 2008 καί
1246 1943 1304 2016 τοὶς

179 2069 339 2152 τραπέζας,
363 2065 443 2144 οὗτος
466 2067 728 2148 καταμάξεαται.”

224 2195 285 2260 His
318 2196 466 2260 addenda
499 2202 579 2260 sunt
606 2195 804 2273 testimonia,
827 2216 913 2279 quae
944 2197 1041 2261 nobis
1064 2192 1244 2277 Dionysius
1269 2200 1304 2260 et

182 2323 299 2386 Festus
322 2322 539 2399 tradiderunt,
562 2322 683 2403 quibus
706 2322 844 2385 nomina
867 2322 1062 2403 scriptorum
1082 2321 1202 2384 incerti
1223 2325 1307 2383 tem·

180 2445 269 2527 poris
302 2450 379 2509 sunt
413 2445 604 2527 subscripta.
640 2445 730 2509 Inter
764 2446 821 2509 hos
854 2445 1046 2508 invenimus
1075 2441 1305 2508 Menecratem

181 2570 378 2647 Xanthiam,
405 2567 514 2651 (Dion.
539 2569 565 2647 I,
589 2571 644 2652 Aa)
670 2575 880 2633 narrantem:
904 2571 1051 2647 „urbem
1077 2568 1236 2651 (Trojam)
1261 2569 1306 2632 ab

182 2691 304 2771 Aenea,
313 2698 447 2776 propter
457 2693 644 2757 simultates
655 2693 937 2770 eum-Alexandro,
946 2693 1189 2775 esseproditam
1199 2697 1304 2776 atque

182 2819 225 2882 ob
246 2818 336 2881 istud
361 2818 553 2881 beneficium
579 2817 721 2881 Graecos
744 2816 774 2881 ei
793 2818 977 2900 permisisse
998 2822 1037 2879 ut
1056 2817 1306 2880 suarndomum

183 2947 338 3021 servaret,
361 2962 506 3025 eumque
524 2943 560 3004 in
581 2943 753 3006 civitatem
766 2936 977 3024 suscepisse,''
989 2941 1214 3024 Cephalonem
1227 2941 1310 3004 Ger·

183 3068 337 3148 gythium
350 3073 383 3132 et
394 3068 627 3150 Hegesippum,
637 3086 747 3130 rerum
760 3066 975 3129 Pallenarum
988 3066 1180 3148 scriptorem
1192 3065 1307 3147 (Dion.

184 3188 213 3267 I,
237 3193 301 3273 49),
321 3193 378 3274 qui
399 3192 546 3256 Aeneam
564 3192 599 3254 in
613 3191 789 3255 Thraciam
804 3191 969 3255 deducunt
981 3209 1125 3273 eumque
1137 3190 1185 3254 ibi
1198 3192 1307 3254 vitam

184 3318 295 3380 finisse
329 3318 445 3382 dicunt
475 3313 526 3399 (cf.
551 3315 627 3380 Ath.
651 3314 708 3393 IX,
733 3335 785 3398 pg.
810 3316 895 3378 393:
927 3313 971 3391 ,,ό
1000 3314 1032 3378 δὲ
1055 3312 1095 3377 τόν
1117 3313 1308 3394 Κεφαλίωνος

184 3438 411 3521 ἐπιγραφόμενα
441 3439 558 3518 Τρωικόν
589 3436 699 3511 συνθείς
723 3435 912 3516 Ἡγησιάναξ
934 3437 947 3502 ό
970 3434 1215 3518 Ἀλεξανδρεύς.”
1240 3439 1309 3502 An·

186 3566 288 3630 tiochi
320 3566 432 3648 Magni
463 3565 610 3648 aequalis
641 3565 680 3629 cf.
715 3564 794 3627 Ath.
818 3564 878 3642 IV,
899 3583 950 3647 pg.
977 3565 1062 3646 155).
1087 3563 1225 3642 Aristus,
1248 3566 1310 3648 qui

187 3691 348 3755 derebus
371 3690 540 3754 Arcadicis
562 3690 700 3772 scripsit,
724 3689 850 3770 aliique
874 3708 952 3753 eum
977 3707 1018 3752 ex
1041 3688 1184 3752 Thracia
1207 3684 1310 3754 disce·

187 3814 319 3877 dentem
352 3814 478 3875 faciunt
508 3817 541 3877 et
569 3813 606 3875 in
638 3809 825 3889 Arcadiam,
851 3812 908 3875 ubi
939 3811 1036 3876 urbes
1060 3809 1307 3877 Orchomenum

188 3935 407 4020 Caphyasque
419 3938 470 4018 (cf.
482 3939 612 4000 Pausan
625 3932 719 4011 VIII,
736 3937 786 4013 12,
801 3937 818 3998 5
826 3961 835 4014 3
851 3936 903 4012 13,
917 3937 948 4017 A)
961 3936 1119 4011 condidit,
1126 3936 1303 4014 deducunt,

188 4059 386 4144 Agathyllus
417 4063 520 4126 Arcas
550 4062 716 4126 cantavit:
748 4056 864 4139 ,Ἴκετο
888 4059 914 4124 δ’
938 4057 1115 4140 Ἀρκαδίην.
1130 4106 1137 4122 .
1152 4107 1183 4124 ..
1210 4061 1305 4133 Αὐτός

187 4184 214 4249 δ’
241 4184 395 4266 Ἑσπερίην
416 4182 500 4250 ἔσυτο
522 4183 626 4264 χθόνα,
648 4182 766 4263 γείνατο
789 4184 815 4248 δ’
840 4178 887 4248 νία
911 4182 1078 4262 ‘ruptor’
1103 4190 1135 4250 et
1158 4188 1297 4270 scriptor

190 4311 362 4375 annalium
386 4312 640 4376 sacerdotalium
665 4307 866 4394 Argivorum
883 4311 991 4391 (Dion.
1012 4307 1040 4389 I,
1064 4310 1116 4393 72)
1138 4312 1306 4375 narravit:
