2956 5040
243 108 387 185 Tacitus,
412 107 569 185 Annales,
596 109 623 185 I,
645 112 682 172 3:

242 232 389 296 Necdum
414 234 512 316 positi
536 233 656 315 puerili
678 240 849 315 praetexta
871 233 1033 315 principes
1050 231 1239 314 juventutis
1261 249 1316 311 ap·

166 358 316 440 pallori
341 406 349 421 .
364 403 372 420 .
386 404 393 419 .
409 406 416 421 .
429 359 611 440 cupiverat.

243 483 390 547 Verbum
416 480 585 564 „puerili”
608 481 864 565 expungendum
897 486 955 546 est.

730 688 788 748 IX.

241 858 386 934 Tacitus,
412 856 569 932 Annales,
595 856 619 932 Ι,
646 856 705 918 24:

242 983 347 1043 Druso
370 981 607 1063 propinquanti
631 981 727 1060 quasi
748 998 806 1060 per
827 979 969 1042 officium
993 979 1111 1042 obviae
1125 978 1215 1040 fuere
1229 978 1325 1059 legio·

204 1125 269 1182 nes,
295 1125 363 1169 non
388 1104 503 1181 laetae,
527 1111 563 1167 ut
588 1105 722 1181 adsolet,
747 1122 855 1185 neque
876 1104 1063 1185 insignibus
1083 1100 1254 1184 fulgentes
1268 1101 1323 1165 sed

198 1229 329 1293 inluvie
355 1230 494 1293 deformi
518 1237 550 1292 et
574 1229 681 1306 vultu,
705 1247 910 1311 quamquam
933 1228 1135 1290 maestitiam
1155 1228 1322 1290 imitaren-

206 1357 266 1432 tur,
289 1354 520 1418 contumaciae
541 1354 716 1436 propiores.

245 1479 308 1543 Pro
331 1475 520 1556 „deformi”
543 1479 719 1562 legendum
745 1483 811 1542 est:
836 1478 1005 1541 deformes.

744 1686 784 1744 X.

244 1868 385 1944 Plinius,
410 1867 512 1949 Epist.
536 1866 594 1944 IV,
618 1867 670 1942 al,
696 1866 733 1927 3:

246 1990 331 2055 Nam
365 1997 491 2074 patrem
523 1991 658 2055 illarum
691 1990 884 2054 defunctum
911 2007 1043 2071 quoque
1067 1988 1322 2071 perseverantis·

207 2116 283 2180 sime
316 2117 430 2200 diligo,
467 2121 505 2179 ut
534 2116 664 2178 actione
696 2134 771 2178 mea
801 2115 964 2197 librisque
995 2114 1150 2176 testatum
1175 2117 1242 2188 est;
1266 2112 1323 2175 cui

208 2260 290 2305 nunc
314 2260 400 2305 unus
422 2260 463 2304 ex
485 2240 592 2303 tribus
616 2239 729 2303 liberis
754 2245 911 2321 superest,
939 2243 1027 2302 cett..

247 2364 488 2443 „defunctum”
511 2365 637 2448 corrige
661 2365 816 2447 legendo:
840 2364 1081 2427 defunctarum.

736 2570 793 2630 XI.

250 2752 479 2834 Symmachus,
502 2751 607 2834 Epist.
629 2750 654 2828 I,
677 2751 728 2811 43.
751 2749 822 2830 (Ed.
835 2749 968 2826 Pareus,
982 2747 1123 2826 Lectius,
1136 2745 1175 2812 Ο.
1189 2750 1324 2832 Seeck):

248 2876 429 2960 Nunquam
454 2877 489 2939 in
516 2875 699 2939 mercedem
724 2874 860 2956 liuguae
883 2879 1079 2937 ornamenta
1103 2875 1259 2957 corrupit.

247 3002 306 3068 Pro
330 3000 568 3080 „mercedem”
592 3001 766 3082 legendnm
793 3003 858 3062 est:
885 3017 1040 3062 mercem.

723 3205 797 3266 XII.

248 3365 291 3429 Id.
316 3367 419 3448 Epist.
442 3364 470 3442 I,
496 3365 556 3427 56:

249 3489 321 3553 ntia
345 3495 393 3554 est
415 3491 505 3554 enim
530 3488 722 3570 protestatio
746 3490 877 3568 amoris,
899 3490 967 3552 alia
990 3489 1124 3573 liuguae
1137 3489 1325 3554 ostentatio.

247 3612 484 3698 corrigendum
508 3618 573 3678 est:
599 3614 777 3696 praestatio
802 3615 939 3679 amoris.
