2956 5040
737 345 777 406 87

191 549 291 611 maris
314 548 468 613 fluctibus
484 552 620 633 jactata,
641 551 777 632 perinde
796 553 838 616 ad
851 552 985 616 Italiam
999 557 1098 636 atque
1110 553 1152 615 ed
1165 553 1309 615 insulam

187 671 373 755 Seryphum
404 674 569 757 appellere
602 677 719 757 potuit,
757 679 928 759 majorque
952 675 1058 760 gloria
1081 677 1196 773 Turno
1219 678 1311 741 attri-

190 797 305 861 buitur
334 799 361 860 si
392 799 453 862 illa
480 799 589 864 sedem
614 803 684 883 ejus
706 798 829 865 condit.
853 802 949 865 Talia
974 810 1084 867 autem
1109 804 1213 885 poetis
1236 823 1310 866 oon-

188 939 276 984 cessa
306 929 403 1001 sunt3
427 931 706 990 commentatores
735 936 850 991 eutem
875 928 1010 990 videant
1034 948 1075 991 ne
1098 928 1181 1009 quid
1204 947 1254 990 res
1278 933 1311 990 et

192 1049 358 1113 humanae
388 1055 420 1113 et
451 1050 586 1114 divinae
616 1052 808 1116 detrimenti
838 1053 1014 1134 accipiant.
1049 1050 1142 1131 Quae
1168 1053 1200 1113 hi
1225 1071 1312 1115 eom·

186 1179 367 1254 posuerunt
393 1176 632 1257 perquiremus,
657 1181 832 1259 postquem
857 1177 960 1241 citavi
985 1178 1072 1241 locos
1095 1176 1198 1239 Plinii
1222 1175 1309 1240 ΝΗ.

185 1294 248 1372 ΙΙΙ,
281 1299 341 1362 57:
373 1299 512 1376 „Ardea
541 1320 561 1363 a
587 1298 712 1379 Danae,
737 1299 847 1365 Persei
873 1307 989 1379 matre,
1013 1302 1147 1365 condita
1171 1301 1253 1379 est''‚
1278 1305 1310 1364 et

185 1420 324 1502 XXXV,
359 1425 438 1488 139:
472 1425 662 1504 „Artemon
686 1428 818 1510 (pinxit)
844 1429 983 1491 Danaen
1009 1427 1209 1490 mirantibus
1235 1445 1309 1491 earn

185 1550 436 1631 praedonibus.”

229 1674 362 1739 Servius
389 1683 504 1740 narrat
527 1678 569 1741 ad
594 1677 678 1742 Aen.
704 1677 781 1757 VH,
806 1679 887 1744 372:
912 1680 1059 1756 „Danae
1083 1678 1201 1742 Acrisii
1226 1680 1310 1761 regis

185 1799 382 1883 Argivorum
414 1802 495 1880 filia,
527 1809 699 1884 postquem
732 1808 781 1866 est
811 1823 832 1866 a
861 1805 943 1866 Jove
966 1801 1094 1880 vitiata,
1117 1807 1212 1885 pater
1235 1822 1308 1866 eam

184 1927 274 1989 intra
306 1945 416 1990 arcam
451 1929 616 1991 inclusam
646 1929 879 2010 praecipitavit
902 1928 937 1990 in
964 1947 1065 2005 mare,
1090 1947 1177 2010 quae
1200 1928 1310 1992 delata

183 2051 226 2114 ad
249 2051 384 2114 ltaliam
407 2053 547 2116 inventa
571 2059 621 2116 est
642 2073 663 2115 a
685 2054 848 2136 piscatore
873 2072 949 2116 cum
974 2053 1101 2130 Perseo,
1125 2070 1226 2134 quem
1249 2052 1309 2119 illa

184 2177 283 2238 enixa
306 2177 425 2253 fueret,
451 2181 483 2241 et
506 2177 618 2241 oblata
641 2178 710 2260 regi
737 2177 940 2260 [Pilumno],
963 2179 1023 2259 qui
1046 2196 1120 2240 eam
1144 2177 1207 2240 sibi
1231 2177 1309 2240 iecit

184 2321 332 2380 uxorem,
364 2323 438 2366 oum
469 2323 537 2386 qua
560 2304 662 2367 etiam
687 2302 832 2366 Ardeam
857 2302 1014 2379 condidit,
1039 2321 1060 2364 a
1082 2302 1205 2383 quibus
1226 2301 1308 2364 Tur·

182 2442 266 2490 num
290 2429 364 2491 vult
387 2428 548 2510 originem
574 2424 722 2506 ducere'',
745 2432 777 2491 ct
798 2427 1083 2509 412:„Magnum
1096 2431 1186 2491 tenet
1199 2427 1307 2490 Ardea

181 2571 314 2630 nomen,
347 2553 431 2616 benc
460 2551 586 2614 allusit.
618 2551 704 2614 Nam
736 2549 899 2629 „ardea”,
924 2552 1016 2633 quasi
1041 2549 1193 2626 „ardua”
1218 2551 1307 2614 dicta

180 2683 236 2757 est,-
267 2679 290 2740 i.
310 2697 338 2742 e.
365 2696 486 2759 magna
509 2681 541 2740 et
565 2677 703 2753 nobilis3
728 2677 807 2741 licet
830 2677 984 2759 Hyginus
1007 2677 1041 2738 in
1066 2673 1191 2739 Italicis
1215 2676 1305 2738 urbi·

182 2803 240 2866 bus
270 2804 314 2867 sb
345 2803 484 2885 augurio
517 2803 589 2864 avis
617 2804 736 2866 ardeae
761 2802 928 2884 (Ardeam)
951 2803 1073 2866 dictam
1098 2802 1192 2865 velit.
1216 2800 1306 2864 Illud

181 2946 326 3010 namque
356 2924 468 2991 Ovidii
491 2928 527 2989 in
553 2927 875 3008 Metamorphosibus
900 2928 1088 2991 fabulosum
1112 2931 1169 3002 est,
1194 2927 1305 2990 incen-

179 3073 250 3115 sam
272 3053 315 3116 ab
339 3052 507 3140 Annibale
531 3050 667 3135 (Aenea)
695 3050 838 3116 Ardeam
863 3053 899 3123 in
926 3053 1010 3116 hanc
1030 3072 1127 3115 avem
1149 3071 1305 3116 csseoon·

180 3198 321 3242 versam.
358 3179 535 3242 Sciendum
569 3184 681 3242 tamen
714 3177 855 3241 Ardeam
880 3176 948 3240 κατ’
971 3175 1145 3257 ἄντίφραισιν
1165 3178 1301 3252 dictam,

179 3303 265 3384 quod
289 3303 453 3366 brevitate
476 3321 662 3384 pennarum
686 3302 788 3365 altius
813 3321 881 3366 non
906 3299 1027 3366 volat'’.

221 3427 424 3507 Pomponius
446 3432 558 3489 autem
585 3427 728 3490 Sabinus
755 3424 831 3504 VII,
858 3426 920 3492 371
947 3426 1202 3508 „Acrisiusqucz
1229 3430 1301 3506 post

177 3552 390 3615 commissum
410 3573 428 3613 a
443 3553 525 3615 Jove
537 3559 688 3632 stuprum
703 3551 847 3616 Acrisius
860 3573 919 3616 rex
933 3553 1095 3634 Argorum
1110 3552 1301 3633 indignatus

177 3677 279 3739 filiam
315 3677 451 3739 Danaen
488 3657 624 3757 capsula
657 3677 820 3739 inclusam
855 3678 991 3759 projecit
1023 3677 1059 3739 111
1092 3695 1192 3753 mere,
1216 3694 1300 3757 quae

177 3806 270 3864 vecta
293 3802 399 3864 estin
423 3791 560 3863 Latium
585 3805 618 3864 ct
642 3821 663 3864 a
687 3802 905 3882 piscatoribus
926 3807 1059 3884 accepta
1078 3800 1300 3883 puelle,quae

174 3927 244 4007 jem
268 3930 438 4007 pepererat
461 3926 551 3988 intus
576 3926 745 3989 Perseum.
769 3926 886 3990 Puella
905 3927 981 3990 deta
1001 3927 1065 3988 fuit
1079 3923 1297 4008 regiRutulo·
1335 3962 1337 3965 ·

176 4071 260 4127 rum,
296 4050 363 4132 qui,
402 4052 458 4114 ubi
493 4071 597 4132 genus
631 4051 772 4128 audivit,
806 4051 902 4114 duxit
938 4071 1083 4114 uxorem.
1115 4050 1186 4112 Hac
1217 4051 1297 4113 duce

175 4176 291 4239 Rutuli
315 4177 437 4240 duxere
462 4177 606 4239 Ardeam
628 4177 804 4241 coloniam.
826 4176 934 4241 Ardea
954 4178 1043 4240 dicta
1063 4183 1111 4239 est
1122 4175 1165 4238 ab
1179 4175 1296 4253 Ardea,

177 4299 243 4363 filio
268 4299 396 4379 Ulyssis
419 4305 451 4362 et
474 4297 595 4363 Circes.
620 4300 766 4363 Acrisius
790 4301 853 4364 lnit
873 4302 912 4364 de
932 4319 1052 4382 genere
1065 4298 1192 4376 Inachi,
1205 4304 1299 4381 pater
