2956 5040
808 400 848 462 62

265 613 372 673 eastra
405 609 622 693 Trojanorum
655 610 822 674 obsidione
855 610 975 674 liberat
999 610 1041 688 X,
1067 612 1140 688 156,
1165 611 1238 689 604,
1265 612 1297 675 5.
1322 608 1390 674 Me-

270 736 398 799 zentius
432 735 474 796 ab
507 735 620 800 Aenea
644 735 837 799 vulneratur
860 735 901 812 X,
929 735 1000 810 785,
1024 735 1078 798 sed
1102 735 1208 799 Lauso
1231 755 1327 800 oaeso
1352 737 1388 798 in

270 880 417 943 pugnam
441 861 525 923 redit
550 847 675 938 841,2‚
697 866 728 923 et
751 861 793 924 ab
814 859 927 923 Aenea
947 859 1105 924 oeeiditur
1119 861 1192 924 908.
1205 861 1390 925 Laurentes

271 986 358 1050 bello
388 987 461 1050 fessi
485 986 597 1050 Turno
620 987 851 1050 eonvieiantm·
874 992 905 1050 et
928 985 1065 1049 Latinus
1087 991 1240 1049 senatum
1265 1007 1391 1051 eonve-

271 1116 323 1176 oat
345 1117 446 1194 utque
468 1112 620 1196 Trojanis
642 1132 718 1195 ager
743 1114 838 1177 detur
859 1113 972 1176 suadet
990 1110 1047 1190 XI,
1062 1113 1124 1175 203
1137 1132 1217 1195 sqq,
1232 1113 1295 1174 320
1309 1133 1391 1196 sqq..

271 1237 398 1302 Aeneas
420 1258 495 1302 oum
520 1238 621 1322 oopiIs
646 1239 687 1301 ad
711 1240 914 1303 Laurentum
938 1235 1154 1322 prooeditXI,
1167 1239 1241 1300 sle.
1254 1237 1394 1302 Turnus

271 1370 435 1429 certarnen
460 1363 628 1448 singulare
652 1385 728 1428 eum
753 1365 864 1429 Aenea
888 1369 978 1447 optat
1003 1362 1074 1448 XII,
1102 1365 1150 1442 Id,
1177 1364 1228 1428 17.
1251 1365 1395 1444 Latinus

272 1467 305 1554 et
332 1490 457 1556 Aeneas
481 1491 594 1556 foedus
614 1492 828 1574 Jurejurando
847 1491 991 1560 firmant,
1010 1498 1049 1553 ut
1067 1491 1093 1552 si
1109 1489 1233 1553 Aeneas
1245 1509 1266 1552 a
1278 1490 1395 1555 Turno

275 1616 465 1680 vinceretur
492 1615 627 1699 Trojani
650 1636 725 1679 eum
749 1615 825 1679 Julo
848 1616 888 1678 ad
911 1615 1057 1678 Evandri
1083 1615 1171 1678 sedes
1197 1615 1395 1697 migrarant,

274 1743 300 1805 si
333 1761 450 1806 verum
483 1743 586 1806 vietor
617 1761 635 1806 e
667 1761 778 1825 pugna
809 1740 937 1818 rediret,
961 1741 1110 1823 Trojanis
1134 1741 1247 1804 liceret
1272 1742 1394 1805 urbem

273 1867 421 1945 eondere,
443 1869 496 1931 oui
521 1886 641 1931 nomen
664 1867 842 1931 Lavinium
864 1866 1005 1945 daretur,
1018 1864 1093 1944 XII,
1109 1866 1294 1930 lot-215.
1309 1865 1396 1931 Con-

272 1996 382 2078 gressi,
407 1993 539 2057 Turnus
562 1995 605 2058 ab
629 1993 741 2056 Aenea
763 1992 887 2057 oeeisus
911 1997 969 2071 est,
992 2011 1075 2074 quae
1101 2012 1186 2057 mors
1207 1997 1254 2057 est
1276 1991 1397 2056 Aenei-

275 2118 333 2182 dos
356 2119 441 2184 finis.

321 2244 368 2308 De
398 2248 580 2308 castrorum
604 2243 668 2306 situ
695 2242 859 2325 Vergilius
882 2243 1089 2307 narrationes
1117 2239 1276 2324 Dionysii,
1303 2243 1396 2308 Stra-

276 2368 372 2432 bonis
399 2375 432 2432 et
456 2369 576 2451 partim
601 2366 735 2431 Catonis
760 2372 889 2431 secutus
913 2373 971 2432 est.
998 2368 1045 2431 De
1068 2367 1161 2431 fastis
1184 2367 1399 2453 fortunisque

277 2500 388 2559 tamen
414 2496 585 2560 hominnm
612 2495 802 2577 diligentior
826 2496 970 2579 quaestio
995 2495 1195 2559 instituenda
1217 2501 1274 2559 est.

322 2619 384 2683 Hio
418 2639 549 2704 quoque
583 2619 686 2682 filiam
719 2619 785 2684 viri
816 2621 986 2704 eujusdam
1009 2640 1162 2704 sponsam
1185 2621 1397 2701 invenimus,

280 2765 373 2830 quae,
415 2747 521 2810 invita
558 2751 663 2810 matre
698 2765 719 2809 a
748 2752 840 2830 patre
869 2747 1016 2812 advenae
1048 2748 1193 2831 cuipiam
1228 2713 1400 2828 concessa,

280 2871 400 2955 partim
425 2872 541 2937 saltem
563 2890 663 2936 eausa
687 2871 765 2935 belli
788 2872 861 2935 fuit.

324 2996 464 3077 Aeneae,
497 3018 598 3082 quum
632 2996 673 3060 ad
704 2997 818 3062 littora
847 2998 920 3080 agri
943 2998 1101 3062 Laurenti
1126 2999 1304 3082 appulisset
1328 3021 1404 3066 eas·

280 3130 397 3209 traque
419 3125 589 3208 posuisset,
613 3125 655 3189 ob
678 3143 811 3188 serrum
834 3124 1057 3204 vulneratum,
1078 3145 1144 3190 non
1167 3145 1188 3188 a
1207 3126 1401 3193 Latinosed

281 3270 302 3314 a
325 3251 545 3315 Laurentibus
568 3250 692 3315 bellum
717 3251 877 3315 indictum
902 3255 950 3315 est
973 3251 1025 3330 (ad
1049 3270 1149 3335 quam
1176 3252 1397 3318 mutationem

284 3375 376 3439 nulla
406 3377 569 3441 anteriore
591 3378 778 3440 narratione
802 3376 973 3461 perductus
997 3378 1054 3461 est)
1076 3378 1189 3443 Turno
1212 3378 1253 3441 iis
1276 3380 1402 3444 auxili·

283 3507 361 3565 ante
395 3506 526 3584 propter
557 3500 741 3581 Lauiniam,
778 3503 836 3586 qui
867 3503 991 3580 statim,
1017 3503 1104 3587 qnod
1128 3523 1243 3568 omnes
1265 3510 1402 3587 praeter

284 3625 444 3691 Catonem
469 3646 536 3690 nno
560 3625 631 3691 loeo
655 3633 788 3719 negant,
811 3628 873 3692 sibi
893 3629 1092 3692 Mezentium
1112 3629 1260 3713 aliosque
1272 3631 1401 3696 multos

286 3752 386 3817 sooios
419 3751 579 3835 adjunxit.
615 3753 743 3819 Aeneas
777 3774 856 3819 mox
891 3759 924 3819 et
957 3755 1100 3818 Lausum
1131 3759 1163 3820 et
1193 3755 1401 3820 Mezentium

287 3878 414 3956 oceidit,
444 3878 560 3944 deinde
586 3881 790 3946 Laurentum
815 3882 983 3947 obsidione
1008 3881 1162 3947 claudens
1181 3902 1258 3946 oum
1282 3882 1401 3949 'furno

288 4003 488 4087 singularem
519 4022 664 4087 pugnam
693 4007 882 4085 committit,
907 4026 972 4091 qua
996 4005 1127 4071 Turnus
1151 4007 1244 4091 perit.
1268 4005 1402 4072 Aeneas

289 4128 392 4211 igitur
420 4135 453 4193 et
477 4128 638 4194 Mezentio
663 4134 695 4195 et
717 4130 829 4196 Turno
853 4136 1011 4216 superstes
1035 4137 1084 4196 est
1112 4133 1187 4216 (qua
1211 4133 1246 4195 in
1269 4152 1304 4197 re
1327 4153 1404 4197 nar·-

291 4255 374 4319 ratio
408 4254 451 4318 ab
484 4255 638 4320 omnibus
673 4257 748 4320 aliis
777 4256 947 4341 discrepat)
980 4258 1178 4343 tandemque
1207 4277 1338 4340 agrum,
1364 4265 1404 4324 ut

292 4377 469 4443 Lavinium
493 4380 619 4460 oondat,
643 4382 772 4466 aoeipit.
