2956 5040
766 360 826 421 108

236 571 331 636 nobis
353 576 429 636 ante
451 571 561 636 oculos
583 574 742 634 versatur.
767 567 853 633 Nam
874 573 907 633 et
928 568 1167 653 Appollodorus
1187 568 1213 645 Ι,
1236 570 1266 646 9,
1288 568 1346 645 1,6

237 702 270 759 et
293 696 444 781 Hyginus
466 697 501 759 in
525 695 725 778 Genealogia
749 714 801 777 pg.
817 695 856 756 31
873 694 931 776 (ed.
946 694 1073 776 Bunte),
1088 694 1260 759 communi
1273 713 1348 757 oon-

237 839 332 884 sensu
357 821 472 886 docent
495 817 623 897 Circen,
647 838 789 883 sororem
815 819 947 898 Aedtae,
972 817 1107 883 Medeae
1130 819 1232 902 patris
1256 816 1350 881 luisse

238 951 270 1009 et
304 945 343 1009 de
379 944 513 1027 Angitia
542 948 671 1022 tacent3
703 944 802 1008 etiam
838 947 973 1006 narrant
998 943 1106 1025 Apoll.
1129 944 1155 1023 I,
1180 944 1209 1022 9,
1235 945 1287 1021 28,
1312 945 1350 1021 43

239 1071 324 1154 Hyg.
359 1071 424 1134 fab.
459 1067 580 1149 XXVI,
616 1070 763 1134 Medeam
796 1068 934 1133 Athenis
967 1068 1075 1152 Aegeo
1107 1071 1264 1152 nupsisse,
1297 1069 1350 1133 sed

239 1196 346 1260 denuo
371 1194 560 1260 exulantem
585 1194 725 1259 Colchos
747 1195 889 1259 rediisse.
915 1194 968 1259 Sio
991 1195 1095 1278 igitur
1113 1195 1348 1280 Angitia,olim

239 1321 373 1386 fortasse
395 1321 456 1385 dea
476 1340 605 1404 praeses
629 1318 737 1403 oppidi
764 1320 926 1403 Angitiae,
951 1320 993 1384 ob
1011 1326 1117 1384 artem
1137 1340 1229 1384 snam
1252 1321 1351 1386 medi·

240 1446 337 1511 candi
367 1446 511 1529 primum
539 1445 672 1509 Medeae
697 1464 794 1522 soror,
820 1445 936 1510 deinde
959 1445 1073 1510 Medea
1096 1446 1191 1524 facta,
1217 1446 1350 1510 tandem

242 1578 278 1637 ut
300 1572 413 1663 Medea
435 1571 471 1634 in
496 1568 628 1635 Italiam
657 1570 814 1634 translata
838 1574 894 1634 est.
990 1611 994 1618 -

742 2171 847 2246 XVI.

694 2391 902 2463 llirhlus.

284 2839 326 2905 In
348 2842 431 2907 Aen.
451 2837 526 2920 VII,
549 2841 608 2904 761
622 2860 689 2925 sqq.
711 2837 877 2926 Vergilius
891 2840 1044 2909 Virbium
1058 2843 1194 2907 unicum
1207 2843 1355 2920 heroem,

241 2969 299 3051 qui
333 2968 420 3068 sine·
437 2967 538 3050 copiis
567 2966 681 3032 Turno
712 2967 905 3046 auxiliatur,
936 2967 1099 3033 describit.
1129 2967 1250 3032 Narrat
1274 2987 1354 3032 eum

241 3091 345 3157 filium
370 3093 467 3157 luisse
490 3093 619 3157 Ariciae
641 3071 816 3176 Nymphae
840 3100 872 3158 et
895 3094 1079 3178 Hippolyti,
1103 3095 1158 3158 cui
1178 3100 1356 3177 postquam

240 3221 283 3284 ab
317 3218 510 3301 Aesculapio
546 3239 564 3282 a
600 3224 704 3284 morte
739 3221 775 3283 in
809 3221 914 3284 vitam
947 3221 1099 3285 reductus
1130 3225 1162 3284 et
1192 3239 1213 3283 a
1245 3217 1357 3284 Diana

239 3347 275 3410 in
306 3364 439 3411 nemore
470 3344 644 3428 Nymphae
667 3347 806 3428 Egeriae
829 3353 876 3410 est
899 3345 1073 3430 relegatus,
1098 3365 1219 3410 nomen
1243 3346 1357 3411 Virbii

240 3470 383 3536 inditum
414 3479 471 3535 est.
502 3470 608 3533 Filius
638 3471 741 3554 igitur
763 3472 850 3536 idem
873 3491 995 3536 nomen
1019 3472 1105 3553 quod
1127 3476 1221 3554 pater
1243 3473 1355 3554 gessit.

284 3597 323 3660 In
355 3597 520 3680 Euripidis
553 3596 732 3680 Hippolyto
766 3617 810 3660 vs.
844 3598 928 3660 1423
947 3601 1016 3681 jam
1040 3598 1166 3662 dixerat
1191 3595 1356 3662 Artemis:

241 3720 317 3801 »Σοὶ
337 3720 363 3786 δ’
390 3719 588 3806 (Ἱππολύτῳ),
610 3715 631 3784 ὦ
654 3721 826 3803 ταλαίπωρ’,
849 3720 917 3786 αντὶ
941 3722 1030 3786 τῶνδε
1056 3725 1111 3786 τῶν
1134 3725 1229 3786 κακῶν
1251 3723 1358 3800 Τνμοὶς

241 3848 389 3927 μεγίστας
424 3848 452 3912 ἕν
484 3845 565 3911 πόλεο
600 3845 752 3930 Τροιζηνία
784 3856 885 3911 Acco·
918 3847 995 3928 κόραν
1026 3847 1083 3928 γὰρ
1114 3844 1224 3927 ἄζυγες
1247 3845 1357 3925 γοὲμων

240 3973 329 4056 παρος
364 3972 471 4052 Κύμας
503 3973 651 4054 κεροῦνταί
679 3996 730 4046 νον,
763 3971 798 4037 δι’
827 3973 925 4045 αἰῶνος
957 3977 1069 4054 μακροῦ
1100 3971 1191 4047 Πένθκ
1224 3972 1358 4051 μένοντα

240 4100 365 4183 δακρύων
395 4098 591 4180 καρπουμένῳ.
624 4098 690 4164 Ἀεὶ
715 4099 746 4163 δὲ
769 4100 938 4177 μουσοποιὸς
961 4100 1000 4172 εἰς
1026 4100 1059 4163 οὲ
1077 4098 1220 4180 παρθένων
1242 4096 1356 4165 ”Erras

240 4225 376 4308 μὲρομνα,
407 4226 486 4290 κὀὐκ
516 4225 664 4302 οὶνώννμος
687 4225 782 4288 πεσὼν
805 4221 898 4306 Ἔρως
921 4225 934 4289 ὁ
959 4225 1091 4306 Φαίδρας
1113 4224 1153 4298 εἰς
1176 4225 1210 4288 οὲ
1232 4226 1353 4303 σιγηθή-

242 4351 356 4418 οεται.”
380 4349 439 4415 His
461 4372 565 4435 quum
590 4351 741 4414 addimus
764 4371 847 4434 quae
874 4350 1090 4434 Apollodorus
1109 4351 1210 4414 tradit
1227 4350 1288 4430 III,
1304 4352 1355 4431 10,
