2956 5040
722 379 761 439 85

220 585 352 648 Turnus
387 587 475 667 opud
511 586 700 668 Vergilium
737 592 785 650 est
819 587 949 650 suboles
977 588 1140 666 Pilumni,
1171 588 1300 671 dequo

175 711 251 773 Piso
289 710 425 790 (Kranse
463 712 556 792 lddlz
592 712 817 789 „Pilumnum
850 710 946 789 dicta,
979 713 1058 793 quia
1085 711 1187 794 pellat
1212 713 1301 776 mala

176 832 374 914 infantioc⁷’,
408 836 586 899 tradiderat
616 841 651 899 et
682 837 797 914 Varro,
829 837 1010 900 secundum
1042 837 1132 900 Serv.
1164 838 1207 914 X,
1242 838 1300 902 76:

176 958 305 1034 „Varro
338 960 538 1022 Pilumnum
563 966 595 1024 et
618 961 822 1024 Picumnum
845 960 1024 1023 infantium
1050 961 1126 1024 deos
1149 980 1216 1024 esse
1240 962 1298 1037 ait,

176 1082 282 1165 iisque
306 1102 364 1164 pro
389 1103 550 1167 puerpera
574 1083 696 1148 lectum
720 1086 756 1146 in
777 1085 862 1148 atrio
882 1086 996 1163 sterni,
1009 1086 1089 1148 dum
1110 1086 1299 1168 exploretur

176 1226 218 1269 an
254 1208 368 1270 vitalis
397 1208 449 1286 sit,
474 1209 532 1290 qui
558 1214 654 1272 uatus
677 1209 755 1287 est”,
780 1215 812 1272 ct
836 1209 878 1286 X,
903 1211 939 1271 4:
964 1209 1171 1287 „Pilumnus
1194 1215 1225 1273 et
1248 1210 1300 1272 Pi·

176 1352 316 1396 cumnus
349 1335 468 1397 fratres
502 1334 639 1398 fuerunt
674 1338 708 1397 ct
741 1335 806 1411 dii;
841 1336 958 1398 horum
990 1333 1170 1396 Picumnus
1202 1353 1297 1396 usum

175 1459 423 1523 stercandorum
448 1460 577 1522 invenit
599 1479 754 1542 agrorum
779 1458 866 1523 unde
889 1465 921 1524 et
943 1459 1167 1541 Sterquilinus
1194 1458 1299 1524 dictus

177 1590 232 1660 est,
267 1584 443 1648 Pilumnus
480 1604 557 1649 uero
589 1585 739 1668 pinsendi
771 1586 940 1662 frumenti,
966 1585 1053 1648 unde
1077 1604 1097 1647 a
1120 1585 1300 1667 pistoribus

177 1709 303 1772 colitur.
327 1709 379 1772 Ab
402 1711 473 1793 ipso
497 1711 598 1774 etiam
624 1710 730 1794 pilum
755 1711 881 1774 dictum
905 1716 961 1773 est.
991 1707 1091 1773 Varro
1113 1711 1300 1792 conjugales

177 1835 250 1898 dens
278 1833 494 1918 suspicatur.''
517 1837 616 1899 Hunc
641 1836 850 1919 Augustinus
872 1843 1003 1899 secutus
1026 1841 1075 1899 est
1097 1836 1133 1898 in
1159 1833 1233 1898 civ.
1258 1836 1299 1898 D.

177 1956 229 2039 Vl,
241 1962 278 2022 9:
292 2009 311 2038 ‚,
321 1961 576 2038 Intercidonam,
589 1960 797 2038 Pilumnum,
809 1960 1075 2043 Deverramque''
1088 1980 1297 2043 componens.

220 2083 268 2150 De
301 2086 434 2148 Venilia
464 2086 596 2149 fabulae
621 2091 752 2149 exstant
775 2086 811 2147 in
834 2086 954 2168 quibus
977 2087 1074 2149 modo
1097 2085 1255 2168 Nympha
1278 2105 1298 2146 a

177 2210 258 2274 lano
295 2215 409 2273 amata
443 2211 483 2274 cf.
516 2207 613 2274 Ovid.
644 2211 721 2273 Met.
753 2209 845 2289 XIV,
876 2210 950 2286 334,
976 2209 1072 2273 modo
1096 2214 1134 2271 ut
1157 2208 1296 2288 Salacia,

177 2332 322 2416 Neptuni
344 2354 427 2397 uxor
450 2334 573 2397 dicitur
596 2335 636 2398 of.
663 2334 769 2398 Varro
793 2334 867 2396 L.L.
893 2334 933 2412 V,
955 2335 972 2398 t
977 2336 1013 2396 2:
1034 2381 1053 2410 „
1065 2318 1196 2397 Salacia
1214 2332 1297 2414 Nep·

177 2459 248 2520 tuni
272 2478 293 2521 a
315 2459 395 2537 salo,
419 2456 553 2522 Venilia
576 2479 596 2522 a
620 2460 784 2523 veniendo
807 2478 845 2523 ac
869 2464 970 2522 ventu
991 2459 1058 2535 illo,
1080 2478 1178 2541 quem
1200 2458 1297 2520 Plau·

177 2589 225 2646 tus
255 2585 353 2647 dicit:
385 2583 511 2664 „Quod
541 2585 590 2648 ibi
618 2585 711 2663 dixit,
735 2586 796 2668 qui
818 2585 960 2648 secundo
984 2591 1084 2647 vento
1110 2589 1222 2647 vectus
1247 2587 1296 2647 est

177 2708 369 2791 Tranquillo
404 2710 506 2772 mari:
543 2715 681 2772 ventum
714 2709 897 2793 gaudeo''‚”
929 2714 962 2772 et
993 2711 1028 2771 in
1062 2710 1148 2773 libro
1169 2709 1295 2772 Rerum

177 2835 249 2898 Div.
274 2837 313 2898 ci.
345 2834 430 2917 Aug.
463 2832 540 2899 ul).
572 2834 630 2913 IV,
663 2836 721 2898 ll:
750 2837 907 2914 „Praesit
927 2836 1071 2899 fortuitis
1095 2839 1295 2917 voceturque

176 2959 320 3023 Fortuna
353 2995 397 3008 ·-
432 2961 472 3025 de
504 2980 571 3042 spe,
604 2980 689 3043 quae
721 2961 811 3023 venit
845 2957 1011 3037 Venilia”,
1036 2964 1070 3021 ct
1093 2978 1194 3040 „spes
1218 2978 1294 3021 cum

176 3084 347 3148 conciliata
378 3105 445 3147 non
482 3086 602 3148 frustra
633 3090 715 3149 esset
742 3091 775 3148 ct
798 3083 959 3148 evenisset
984 3083 1151 3167 [Veniliae
1175 3084 1294 3146 sacrifi-

176 3208 362 3290 ca]bantur,
391 3228 494 3291 quam
525 3210 619 3273 deam
652 3230 728 3274 eum
752 3209 908 3290 Neptuno
931 3212 1138 3292 conjungunt
1163 3207 1294 3286 multi'’,

177 3334 270 3397 modo
305 3334 409 3416 igitur
442 3335 550 3416 „Spei
580 3331 671 3399 dea''.
703 3336 755 3397 Ex
784 3334 905 3417 quibus
937 3334 1155 3397 relationibus
1178 3353 1299 3416 quam-

177 3459 221 3520 vis
263 3456 400 3521 variatis
442 3459 603 3541 conjicere
647 3464 758 3522 tamen
801 3459 880 3522 lieet
916 3458 1102 3541 Vergilium
1138 3457 1292 3520 Turnum

176 3583 306 3647 divinae
343 3584 439 3646 matri
475 3583 667 3648 subdidisse.
703 3583 840 3648 Accedit
873 3584 959 3666 quod
992 3602 1011 3645 a
1042 3588 1180 3665 paterna
1202 3587 1294 3664 parte

177 3724 303 3789 qnoque
350 3707 499 3769 familiae
545 3708 685 3770 minime
726 3709 989 3771 contemnendae
1031 3708 1192 3790 ascriptus
1235 3712 1291 3771 est.

178 3828 283 3911 Quum
308 3833 398 3896 enim
424 3832 581 3895 Amatam
606 3834 777 3896 audimus:
803 3833 875 3909 „Et
899 3833 1013 3895 Turno
1036 3831 1180 3896 Inachus
1203 3833 1295 3896 Acri·

179 3957 303 4040 sineque
345 3963 463 4039 patres,
504 3958 695 4040 mediaeque
730 3957 919 4038 Mycenae'',
955 3963 988 4020 et
1022 3964 1153 4039 podiam
1190 3958 1294 4022 Allec-

180 4085 225 4143 tus
264 4083 330 4145 iter
374 4082 613 4145 describentem
650 4079 722 4160 Vll,
757 4084 840 4144 409:
883 4081 1057 4157 „Audacis
1092 4081 1215 4145 Rutuli
1251 4083 1292 4144 ad

182 4222 294 4284 muros,
329 4227 431 4290 quam
467 4207 588 4270 dicitur
623 4208 739 4270 urbem
777 4205 962 4270 Acrisoueis
995 4204 1108 4270 Dana'e'
1139 4206 1291 4269 fundasse

184 4329 325 4408 colonis’'‚
350 4333 514 4413 quomodo
538 4351 613 4394 cum
641 4333 690 4393 his
715 4332 862 4408 Daunus,
887 4331 991 4393 Turni
1015 4338 1117 4411 pater,
1139 4334 1290 4414 conjunc-
