2956 5040
762 378 824 441 118

717 654 864 729 XWL

536 876 602 948 Sus
626 892 699 948 oum
723 876 863 963 trlulnta
886 876 1044 963 porculis.

161 1369 163 1373 -
274 1329 429 1410 Helenus,
454 1332 587 1396 Aeneae
619 1333 747 1395 itineris
770 1331 977 1396 difficultates
1000 1331 1197 1410 describens,
1217 1333 1288 1414 jam
1313 1331 1352 1395 de

229 1476 289 1521 sue
308 1476 383 1520 eum
407 1457 544 1539 triginta
563 1455 709 1539 porculis
721 1457 895 1535 cecinerat,
909 1457 949 1521 cf.
962 1455 1047 1519 Aen.
1060 1453 1124 1532 III,
1138 1456 1212 1519 388.
1227 1456 1353 1520 Eadem

229 1580 300 1658 illa,
321 1600 410 1645 nunc
433 1586 545 1643 autem
571 1584 741 1661 tamquam
769 1600 847 1644 mox
870 1581 982 1644 lutura
1006 1579 1085 1644 deus
1108 1580 1285 1645 Tiberinus
1304 1599 1353 1643 re·

234 1704 328 1786 petit,
354 1704 410 1784 qui
444 1701 575 1765 Aeneae
597 1703 633 1764 in
655 1722 772 1767 somno
795 1710 942 1787 apparet,
964 1704 1022 1767 ubi
1047 1705 1099 1766 hie
1122 1704 1164 1767 ad
1189 1703 1277 1767 Latii
1300 1703 1351 1768 lit·

231 1821 303 1891 tora
326 1827 485 1909 appulsus
507 1847 584 1890 cum
608 1827 726 1892 Latino
747 1828 874 1892 foedere
893 1829 958 1892 icto
980 1829 1122 1892 hostium
1137 1828 1353 1892 multitudiue

233 1956 383 2036 angetur.
419 1953 507 2016 Eum
542 1952 648 2016 dicere
677 1953 833 2017 audimus
862 1952 945 2018 Aen.
978 1951 1073 2032 VIII,
1098 1955 1159 2016 Al:
1182 1954 1356 2036 „Jamque

235 2077 308 2154 tibi,
336 2095 378 2139 ne
409 2094 499 2137 vana
522 2082 616 2158 putes
640 2077 720 2140 baec
743 2077 867 2158 fingere
889 2095 1054 2155 somnum,
1078 2076 1218 2140 litoreis
1241 2077 1357 2158 ingens

236 2203 376 2265 inventa
410 2202 471 2265 sub
505 2201 637 2265 ilicibus
672 2221 736 2278 sus,
768 2201 919 2284 Triginta
950 2203 1098 2285 capitum
1130 2203 1216 2266 fetus
1245 2203 1356 2279 enixa,
1409 2199 1412 2204 ’

230 2326 365 2410 jacebit,
398 2324 496 2404 Alba,
520 2327 590 2390 solo
622 2327 792 2403 recubans,
817 2326 886 2390 albi
911 2328 1034 2390 circum
1060 2327 1162 2390 ubera
1186 2327 1269 2390 nati.
1293 2323 1358 2389 Hic

234 2452 325 2515 locus
362 2452 453 2516 urbis
488 2453 561 2528 erit,
596 2452 727 2534 requies
762 2471 800 2515 ea
831 2457 918 2514 certa
949 2450 1132 2528 labornm”,
1163 2458 1196 2514 et
1225 2451 1357 2535 adjicit:

235 2622 255 2651 „
265 2575 316 2637 Ex
338 2594 404 2657 quo
428 2580 476 2638 ter
498 2575 591 2637 denis
610 2575 727 2638 urbem
750 2575 966 2639 redeuntibus
985 2576 1082 2638 annis
1103 2575 1264 2639 Ascanius
1275 2574 1358 2639 clari

235 2699 352 2762 condet
375 2699 583 2782 cognominis
604 2698 738 2763 Albam.
758 2699 855 2762 Haud
868 2700 995 2763 incerta
1007 2698 1118 2777 eano”,
1132 2708 1166 2763 et
1177 2703 1355 2782 postquam

235 2825 342 2907 primo
377 2843 476 2888 mane
505 2823 637 2887 Aeneas
667 2825 731 2888 iter
754 2825 973 2906 comparavit,
998 2823 1167 2906 sociosque
1188 2824 1357 2899 instruxit,

231 2951 302 3029 jam
326 2947 514 3031 prodigium
540 2949 641 3023 adest,
665 2949 706 3010 cf.
731 2950 790 3010 81:
814 2948 927 3023 „Ecce
946 2953 1070 3026 autern,
1087 2949 1236 3011 subitum
1256 2953 1358 3032 atque

236 3073 340 3157 oculis
375 3071 531 3136 mirabile
562 3078 757 3152 monstrum,
789 3072 939 3137 Candida
961 3093 1019 3155 per
1041 3074 1163 3136 silvam
1187 3093 1265 3136 cnm
1289 3074 1357 3137 fetu

236 3197 390 3259 concolor
424 3195 500 3258 albo
535 3195 727 3273 Procubuit,
764 3197 930 3279 viridique
964 3198 999 3258 in
1031 3197 1127 3260 litore
1158 3198 1358 3280 conspicitur

236 3340 307 3384 sus:
342 3318 450 3400 Quam
485 3321 560 3402 pius
594 3320 723 3384 Aeneas
758 3321 819 3384 tibi
854 3323 955 3398 enirn,
989 3319 1059 3398 tibi,
1092 3321 1241 3383 maxima
1271 3323 1357 3385 Jnno

238 3446 370 3522 Mactat,
390 3464 483 3508 sacra
506 3445 613 3508 ferens
636 3452 669 3508 et
692 3465 766 3508 oum
791 3464 888 3528 grege
911 3446 997 3508 sistit
1020 3445 1061 3508 ad
1084 3443 1209 3508 aram.''

284 3571 338 3632 Sic
362 3568 530 3651 Vergilius
552 3568 701 3632 fabulam
727 3575 850 3647 narrat,
874 3587 975 3650 quam
997 3569 1050 3632 vel
1075 3569 1228 3633 omnium
1242 3571 1358 3652 saepis·

238 3697 321 3759 sime
352 3694 395 3757 ab
428 3694 676 3775 antiquioribus
707 3693 919 3775 scriptoribus
949 3699 1242 3758 commemoratam
1266 3695 1359 3759 inve·

238 3820 361 3881 nimus.
385 3818 542 3899 Legimus
566 3819 656 3880 cuim
681 3819 716 3879 in
742 3818 968 3900 Lycophronis
992 3817 1085 3881 Alex.
1112 3818 1214 3880 1253:
1239 3863 1259 3894 „
1269 3816 1359 3881 κτίσει

237 3943 268 4006 δὲ
288 3942 388 4022 χώραν
407 3942 436 4004 ἐν
447 3941 544 4013 τόκοις
555 3939 720 4021 Βορεινόνοιν
733 3939 822 4021 ’Ττὲρ
834 3940 979 4013 Λατίνους
994 3939 1135 4011 Δαννίοος
1147 3941 1175 4003 τ’
1188 3940 1358 4020 ᾠκισμένην,

238 4066 369 4148 Πύργοιις
388 4065 542 4147 τριάκοντ’,
564 4063 761 4146 ἐξαριθμήσας
780 4066 869 4143 νονοὶς
889 4066 964 4138 Σιιὸς
977 4072 1121 4139 κελαινῆς,
1134 4062 1235 4137 sivoio?
1248 4065 1359 4130 Ἰδαίοιο

239 4191 338 4273 λόφοιν
369 4190 428 4255 Καὶ
458 4192 640 4272 Δαρδανείοιν
661 4193 695 4256 ἐκ
717 4189 812 4255 τόσων
836 4191 1060 4264 ναυσθλώσεται,
1085 4191 1253 4272 Ἰσκοίθμιον
1276 4189 1357 4273 θρέτ-

239 4340 337 4398 τειραν
371 4319 400 4380 ἐν
434 4315 525 4387 τόκοις
559 4315 686 4397 scirpos.
719 4312 778 4387 Ἥς
813 4316 862 4380 καὶ
890 4315 972 4380 πόλει
1003 4314 1133 4390 δείκηλον
1164 4313 1281 4388 ἀνθήσει
1304 4319 1359 4395 μιᾷ
