2956 5040
262 591 518 673 Vergilium.
844 594 1113 676 Dionysium.

711 747 731 790 a
754 730 859 793 nobili
883 728 1026 813 Trojano
1053 731 1224 805 exstineto,

712 847 744 904 et

166 966 224 1048 VI,
249 972 279 1032 2.
304 968 429 1034 Cumas
453 971 588 1050 adeunt,

166 1082 206 1146 ef.
218 1083 246 1145 9.
255 1082 323 1161 „At
332 1085 406 1167 pius
419 1084 545 1147 Aeneas
557 1103 660 1166 eroes,

120 1197 243 1278 quibus
261 1197 349 1260 altus
363 1195 480 1281 Apollo
495 1198 659 1281 praesidet

122 1310 370 1393 horrendaeque
393 1311 508 1394 proeul
534 1316 659 1376 secreta

122 1422 282 1504 Sibyllae,
330 1428 464 1488 antrum
510 1425 660 1488 immane

121 1532 238 1616 petit.’'

1029 1700 1050 1743 e
1086 1683 1225 1747 mortuis

1030 1795 1226 1860 mulieribus
1280 1775 1286 1786 ⁴

1027 1909 1226 1975 nominatas.

755 1743 952 1826 Prochytam
981 1684 997 1842 l

712 1859 744 1919 et
760 1855 919 1939 Cejetam.
980 1842 991 1981 Ι

167 2007 243 2088 VII,
271 2011 287 2072 1
314 2017 347 2076 et
369 2008 527 2096 Oajetam.

169 2123 222 2187 36.
244 2125 294 2189 Ad
313 2127 398 2189 ostia
409 2126 539 2189 Tiberis
551 2125 658 2210 appel·

124 2235 201 2299 lunt
232 2237 344 2319 ibique
372 2244 479 2302 eastra
503 2240 659 2322 (Trojem)

124 2355 263 2432 ponunt.
328 2333 330 2335 ’

757 2468 806 2532 Ad
841 2469 1044 2532 Laurentum
1078 2470 1113 2532 in
1150 2471 1249 2535 Italia

711 2582 882 2664 appellunt
902 2582 1016 2664 ibique
1035 2588 1143 2647 eastre
1159 2584 1248 2664 (Tro-

706 2695 789 2776 jam)
811 2700 951 2777 ponunt.

170 2975 221 3037 Ex
257 2976 307 3038 his
337 2976 434 3040 facile
466 2981 601 3059 apparet
627 2975 812 3059 Vergilium
837 2983 869 3042 et
894 2978 1110 3060 Dionysium,
1134 2999 1249 3062 quam·

125 3119 224 3182 quam
251 3121 318 3164 non
345 3102 488 3165 multum
514 3105 622 3166 aetate
644 3102 777 3179 distent,
802 3103 837 3164 in
863 3103 976 3185 paucis
996 3104 1096 3168 modo
1114 3105 1202 3167 inter
1214 3124 1248 3167 se

125 3227 323 3290 eonsentire.
357 3226 507 3309 Uterque
541 3226 580 3290 de
615 3226 746 3290 Aeneae
780 3227 927 3291 adventu
964 3228 1006 3291 ad
1041 3225 1175 3307 Delum,
1206 3229 1248 3292 ad

127 3351 272 3430 Aetium,
317 3353 526 3432 Buthrotum,
570 3350 725 3416 Castrum
768 3353 947 3432 Minervae,
984 3355 1177 3436 Drepanum
1215 3361 1248 3418 et

126 3475 275 3560 Cajetam
311 3497 371 3542 nos
405 3477 558 3542 certiores
593 3478 682 3544 feeit.
714 3478 776 3542 Sed
809 3478 915 3541 multa
939 3478 1013 3543 looa
1039 3497 1060 3540 e
1084 3479 1246 3560 Dionysio

126 3608 387 3668 commemorata
411 3604 579 3686 Vergilius
601 3603 847 3686 praetermittit,
871 3607 985 3668 eontra
1005 3600 1092 3668 solus
1114 3604 1168 3668 hio
1189 3602 1250 3668 Ae·

126 3738 236 3806 neam,
257 3727 459 3811 Carthagine
477 3727 657 3811 Gumisqne
679 3732 863 3792 morantem
886 3729 990 3791 fusius
1004 3729 1165 3812 depingit.
1179 3730 1249 3794 Hoo

126 3873 257 3936 quoque
287 3855 516 3917 annotandum
540 3857 588 3917 est
615 3853 761 3918 Aeneam
786 3855 873 3936 apud
900 3853 1086 3937 Vergilium
1118 3873 1250 3937 semper

127 3978 181 4041 vel
217 3979 292 4042 deos
326 3979 477 4060 regionis,
509 3979 551 4042 ad
578 3998 678 4061 quam
703 3979 843 4061 appellit
865 3978 917 4042 vel
939 3979 1107 4043 lunonem
1133 3976 1248 4058 colere,

127 4107 244 4167 eontra
264 4103 463 4184 Dionysium
488 4103 555 4167 lere
580 4104 703 4186 ubique
728 4103 854 4185 templa
877 4103 913 4165 in
940 4104 1098 4167 honorem
1126 4102 1250 4185 Aphro·

127 4227 226 4304 ditae,
251 4210 453 4311 Aphroditae
476 4228 726 4306 Aeneadis,‚vel
748 4227 951 4310 Aphroditae
972 4231 1005 4289 et
1028 4224 1159 4289 Aeneae
1171 4245 1247 4291 oon·

127 4355 214 4419 dere.
235 4351 329 4434 Quae
348 4353 543 4418 discrimina
557 4373 672 4417 causas
683 4353 924 4420 dissensionum
937 4352 1024 4415 inter
1035 4352 1124 4415 viros
1136 4351 1248 4416 doctos
