2956 5040
803 425 844 487 98

265 633 373 695 omnis
394 651 494 714 quem
517 633 655 697 eredidit
673 638 772 713 aetas,
793 630 982 713 eaerulus&
1002 635 1043 713 X,
1057 634 1169 711 tdssz„
1179 635 1369 698 Instaurant

264 759 350 822 aoies
373 758 512 823 Volcani
537 761 636 842 stirpe
659 765 787 824 oreatus
810 757 972 824 Gaeoulus
991 766 1023 824 et
1042 761 1175 825 veniens
1188 761 1368 829 Marsorum

264 885 433 948 montibus
466 884 624 963 Umbro'',
659 893 692 950 et
725 887 816 956 VIII.
848 888 929 950 558:
960 886 1066 964 „Tum
1099 892 1191 969 pater
1220 887 1373 950 Evander

264 1009 413 1072 dextram
437 1010 627 1093 complexus
650 1011 759 1074 euntia
780 1011 911 1088 Haeret,
936 1011 1123 1094 inexpletus
1146 1009 1322 1075 lacrimans
1335 1030 1372 1074 ae

264 1135 345 1198 talia
371 1136 475 1199 fatur:
500 1132 545 1200 0!
570 1137 652 1199 mibi
675 1137 867 1219 praeteritos
888 1137 1007 1202 referat
1030 1137 1057 1200 si
1079 1133 1229 1219 Iuppiter
1253 1136 1371 1199 annos!

264 1258 381 1340 QnaIIs
414 1282 516 1341 eram,
550 1283 654 1345 quum
689 1263 830 1346 primam
866 1263 971 1327 aoiem
1006 1264 1179 1327 Praeneste
1208 1264 1272 1327 sub
1304 1264 1373 1345 ipsa

264 1386 374 1450 Stravi
405 1392 640 1471 scutorumque
661 1389 790 1453 inoendi
819 1389 923 1453 victor
945 1408 1086 1467 aoervos,
1111 1388 1154 1450 Et
1178 1406 1288 1470 regem
1314 1389 1373 1452 hae

264 1513 393 1577 Erilum
418 1515 532 1579 dextra
555 1516 616 1579 sub
640 1515 778 1578 Tartara
802 1515 889 1593 misi,
913 1513 1068 1578 Naseenti
1090 1515 1144 1577 oni
1164 1520 1227 1578 tres
1246 1513 1372 1576 ani'mas

263 1641 404 1705 Feronia
427 1647 531 1706 mater
552 1678 595 1688 -
619 1638 828 1705 Horrendum
852 1641 955 1705 diota!
980 1676 1022 1687 -
1047 1638 1211 1704 dederat.’‘

309 1765 397 1831 Duas
419 1768 552 1832 fabulas·
568 1768 670 1850 igitur
691 1772 787 1850 polita
811 1769 1058 1831 commemorat.
1080 1765 1157 1829 Una
1177 1765 1217 1829 de
1230 1764 1372 1826 Evandri

263 1894 349 1958 bello
380 1899 494 1959 eontra
526 1894 668 1971 Erilum,
699 1894 804 1957 altera
833 1893 873 1957 de
894 1891 1034 1958 Caerulo
1056 1892 1240 1956 Praenestis
1262 1890 1374 1954 funda·

264 2023 343 2083 tore.
367 2021 415 2084 De
438 2020 529 2084 Erilo
554 2025 667 2083 autem
692 2039 790 2084 nemo
810 2020 1003 2102 scriptorum
1024 2018 1225 2082 mentionem
1245 2016 1323 2080 feeit
1341 2020 1373 2079 et

262 2145 404 2210 libenter
433 2145 587 2210 Serrium
616 2165 734 2228 sequor
756 2147 927 2210 docentem
952 2144 1033 2209 Aen.
1057 2143 1145 2221 VIII,
1170 2143 1251 2206 564:
1274 2142 1372 2220 „Hoc

263 2277 375 2336 autem
398 2272 469 2337 loeo
493 2292 552 2354 per
574 2276 640 2336 tres
661 2272 791 2335 animas
814 2291 970 2354 magnum
993 2275 1027 2334 et
1048 2269 1226 2352 perfeetum
1254 2268 1371 2352 (Verg.)

263 2399 389 2462 indicat
422 2400 546 2462 virum.
580 2399 666 2462 Nam
702 2403 865 2481 quantum
896 2398 938 2460 ad
969 2395 1113 2460 labulam
1146 2395 1287 2478 pertinet
1309 2398 1370 2458 tres

263 2523 393 2586 animas
422 2529 555 2606 propter
585 2524 649 2588 tria
680 2524 796 2586 babuit
824 2541 969 2605 eorpora.
995 2521 1173 2585 Attendum
1200 2539 1288 2598 sane,
1313 2520 1371 2583 boe

262 2649 325 2711 sibi
354 2650 545 2713 Evandrum
580 2650 756 2727 vindicare,
787 2649 874 2731 quod
904 2648 1027 2711 dultin
1051 2643 1200 2711 Hercule.
1224 2645 1311 2709 Nam
1336 2650 1371 2710 ut

261 2773 319 2836 illa
341 2773 527 2855 Geryonem
548 2775 699 2852 extinxit,
718 2774 767 2837 ita
788 2774 840 2838 hio
860 2773 1007 2837 Herilem
1028 2768 1178 2837 oceidit.'’
1190 2772 1254 2836 Sed
1266 2791 1370 2854 quum

262 2900 348 2964 idem
379 2906 492 2964 narrat
516 2902 597 2963 562:
622 2901 845 2978 „Evandrum
867 2901 903 2963 in
927 2898 1059 2963 Italiam
1084 2899 1286 2975 venientem,
1309 2897 1370 2962 He

262 3026 347 3089 rilus'
365 3047 422 3090 rex
445 3027 676 3090 Praenestinus
699 3025 826 3090 auxilio
846 3045 979 3089 suorum
1000 3025 1125 3089 sirium
1146 3021 1372 3104 voluitexpel·

262 3150 338 3229 lere,
361 3171 442 3234 quos
469 3153 548 3216 visit
570 3152 724 3215 Evander
746 3157 779 3216 et
802 3151 951 3214 Herilnm
976 3149 1144 3214 interfecit
1165 3153 1198 3213 et
1219 3148 1371 3212 interlec-

262 3279 371 3338 torum
391 3275 522 3358 clypeos
536 3273 744 3352 combussit'',
759 3275 854 3341 facile
865 3280 913 3340 est
924 3274 1094 3340 intellectu
1108 3293 1184 3338 eum
1199 3273 1370 3337 historiam

261 3420 279 3464 e
310 3402 419 3466 verbis
443 3407 558 3484 poetae
581 3403 723 3467 finxisse.
747 3402 833 3465 Nam
858 3401 884 3465 si
907 3400 1076 3484 Vergilius
1100 3397 1251 3463 Herilnm
1276 3399 1372 3462 Prae·

261 3526 360 3588 nostis
400 3546 511 3609 regem
552 3534 706 3606 vocasset,
740 3529 828 3592 inter
861 3547 894 3592 se
928 3526 1146 3611 repugnantia
1182 3525 1370 3607 scripsisset.

260 3648 421 3715 Caeculus
451 3655 480 3716 ei
513 3654 668 3718 fundator
691 3660 739 3718 est
764 3655 871 3731 urbis;
896 3652 1067 3729 Caeculus,
1091 3670 1190 3734 quem
1215 3651 1372 3716 Evander

260 3795 359 3839 senex
389 3784 504 3841 eontra
535 3779 681 3843 Aeneam
712 3780 860 3844 insedere
893 3779 989 3856 videt,
1013 3797 1217 3861 quamquam
1239 3777 1372 3859 juvenis

255 3904 326 3984 jam
357 3904 460 3966 alium
491 3905 675 3969 Praenestis
707 3925 814 3988 regem
847 3925 922 3970 oum
950 3905 1112 3969 militibus
1133 3904 1371 3986 prostravisset.

259 4026 348 4092 Haeo
382 4031 587 4095 dissentiunt.
618 4033 677 4094 Est
699 4037 811 4095 tamen
836 4031 1117 4109 commentatores,
1144 4048 1209 4093 non
1234 4025 1370 4113 Vergilii

259 4156 425 4235 mendum,
459 4159 517 4240 qui
552 4158 703 4222 Herilnm
738 4176 845 4240 regem
876 4157 956 4220 dioit
986 4155 1128 4221 aliorum
1160 4156 1369 4238 populorum,

259 4282 316 4362 qui
339 4283 500 4347 ceciderat
522 4303 559 4347 eo
581 4283 662 4360 loeo,
686 4283 744 4346 ubi
763 4288 873 4365 postea
894 4279 1055 4346 Caerulus
1079 4281 1194 4346 urbem
1207 4282 1370 4359 condidit;

258 4408 343 4488 qnod
373 4414 471 4491 poeta
493 4409 524 4472 ei
547 4409 721 4472 Feroniam
747 4413 885 4472 matrem
910 4407 1106 4490 assignando
1129 4407 1263 4487 iudicat,
1286 4425 1370 4490 quae
