2956 5040
719 437 758 498 99

180 654 252 712 erat
272 649 325 733 (cf.
349 648 422 712 Liv.
446 647 571 727 XXVI,
599 648 656 710 ll:
681 645 786 723 „inde
810 649 850 710 ad
874 648 986 711 lucum
1011 649 1170 713 Feroniae
1189 652 1295 734 pergit

180 775 238 852 ire,
274 773 432 859 templum
470 795 509 839 ca
540 778 734 857 tempestate
764 775 930 838 inclutum
954 776 1087 855 dividis,
1111 776 1295 860 Capenates

180 899 302 983 aliique
335 900 464 965 accolae
499 903 568 983 ejus
603 899 729 976 erant'’,
762 904 793 964 et
826 901 922 964 Dion.
949 900 1007 979 III,
1033 901 1090 964 32:
1115 900 1210 982 „iapo'r
1234 903 1295 965 ἐστι

180 1033 255 1106 κοινῇ
290 1025 452 1103 τιμώμενον
487 1026 542 1089 ὑπὸ
578 1024 712 1102 Σαβίνων
746 1048 779 1088 τε
813 1022 863 1088 καί
900 1025 1042 1099 Λατίνων,
1075 1025 1156 1106 ἄγων
1188 1029 1216 1090 ἐν
1238 1035 1295 1100 τοῖς

180 1149 268 1225 ντνίνν,
299 1153 364 1224 θεας
396 1150 550 1226 Φερωνείας
583 1149 829 1234 ὀνομαζομένης”)
854 1157 911 1215 aut
934 1153 1012 1230 Dea,
1037 1154 1126 1217 culta
1150 1155 1192 1217 ad
1215 1152 1295 1216 radi-

181 1296 233 1341 ces
264 1279 385 1341 montis
418 1277 568 1354 Soractis,
592 1283 651 1340 aut
673 1276 830 1361 Nympha
854 1277 903 1359 (cf.
928 1275 1011 1341 Acro
1034 1279 1069 1340 in
1093 1279 1203 1342 Horat.
1229 1280 1294 1342 Sat.

181 1400 208 1482 I,
234 1409 264 1481 5,
289 1405 352 1466 24:
376 1404 538 1479 „Fanum
562 1403 721 1467 Feroniae
743 1407 790 1466 cst
813 1403 848 1465 in
873 1403 970 1467 tertio
993 1403 1296 1468 miliarioaTerra-

182 1528 287 1609 cina”,
312 1534 344 1594 et
367 1527 454 1593 Plin.
477 1525 563 1593 ΝΗ.
587 1527 630 1606 II,
657 1529 736 1591 146:
760 1526 829 1606 „In
854 1528 952 1592 ltalia
975 1529 1062 1593 inter
1083 1529 1294 1594 Terracinam

183 1661 215 1718 et
242 1655 356 1719 aedem
381 1653 573 1734 Feroniae”,
597 1659 629 1718 et
652 1655 743 1719 Serv.
767 1654 858 1734 VIII,
884 1656 966 1719 564:
990 1655 1177 1740 „Nympha
1199 1655 1296 1720 Cam-

184 1782 321 1863 paniae;
356 1783 436 1845 hace
468 1782 568 1845 etiam
604 1781 800 1845 libertorum
831 1782 891 1846 dea
922 1787 968 1846 est
999 1783 1036 1846 in
1059 1785 1151 1866 cujus
1174 1783 1296 1866 templo

183 1925 255 1970 raso
278 1906 384 1990 capite
406 1907 532 1989 pileum
556 1905 803 1990 accipiebant”).

228 2029 275 2096 De
307 2029 447 2097 Caeculo
480 2038 514 2097 et
541 2035 581 2096 de
604 2034 780 2130 Praeneste
804 2040 914 2098 tamen
938 2035 1141 2117 antiquiores
1165 2033 1295 2097 fabulae

184 2157 506 2223 circumferebantur.
531 2158 685 2242 Legimus
711 2159 747 2221 in
771 2159 878 2224 Schol.
903 2160 1023 2223 Veron.
1043 2160 1085 2223 ad
1106 2154 1200 2242 Verg.
1214 2159 1295 2223 Aen.
1335 2194 1342 2211 ι

183 2284 256 2361 VH,
278 2284 358 2348 681:
382 2283 492 2363 „Cato
515 2285 562 2348 ait
586 2282 768 2349 Caeculum
790 2285 935 2367 virgines
954 2304 1075 2367 aquam
1095 2289 1242 2366 petentes
1262 2282 1295 2346 in

181 2407 249 2474 foco
277 2410 442 2474 invenisse
473 2410 611 2493 ideoque
643 2410 786 2474 Vulcani
818 2410 938 2493 [filium
971 2430 1048 2474 eum
1077 2409 1296 2493 ex]istimasse

180 2540 214 2600 et
237 2537 325 2619 quod
348 2536 459 2601 oculos
483 2537 618 2620 exiguos
642 2537 785 2615 baberet,
806 2535 987 2600 Caeculum
1005 2537 1220 2619 appellatum,
1243 2536 1296 2600 hic

182 2662 373 2727 collecticiis
411 2663 597 2746 pastoribus
632 2663 747 2726 urbem
782 2665 957 2727 Praeneste
990 2661 1173 2739 fundavit’',
1208 2661 1295 2744 apud

180 2787 276 2852 Serv,
307 2785 389 2853 Aen.
421 2784 495 2865 VH,
521 2788 600 2851 682:
621 2787 731 2866 „Cato
754 2788 842 2867 dicit,
865 2789 945 2870 quia
964 2789 993 2851 is
1016 2786 1105 2852 locus
1130 2788 1297 2851 montibus

177 2919 334 2999 praestet,
356 2916 531 2979 Praeneste
551 2916 670 2998 oppido
690 2934 811 2979 nomen
824 2913 934 2979 dedit’'
959 2920 991 2980 et
1005 2914 1044 2977 67
1050 2915 1083 2977 8:
1098 2963 1116 2990 „
1128 2914 1179 2978 Ibi
1191 2915 1297 2998 (Prae-

179 3041 286 3123 neste)
309 3045 403 3104 erant
426 3037 599 3104 Pontifices
622 3047 654 3105 et
678 3041 724 3104 dii
747 3041 912 3124 Indigetes
934 3042 1019 3105 sieut
1038 3041 1140 3104 etiarn
1159 3040 1297 3104 Romae.

178 3165 291 3229 Erant
321 3166 422 3229 etiam
454 3166 519 3229 duo
550 3164 676 3243 fratres,
701 3167 760 3249 qui
785 3167 855 3229 divi
878 3166 1143 3248 appellabantur.
1166 3165 1295 3229 Horum

179 3313 275 3358 soror
299 3294 376 3357 dum
402 3295 443 3358 ad
462 3294 569 3358 locum
589 3294 722 3370 sederet,
743 3293 906 3358 dissiliens
925 3293 1071 3356 scintilla
1084 3295 1154 3375 ejus
1166 3297 1297 3356 uterum

180 3419 353 3503 percussit,
380 3410 477 3484 ‘unde
513 3416 632 3483 dicitur
662 3419 857 3501 concepisse.
890 3420 1007 3482 Postea
1037 3418 1134 3482 enixa
1157 3437 1294 3500 puerum

175 3547 279 3628 juxta
301 3546 465 3628 templum
490 3546 581 3609 Jovis
601 3546 731 3630 abjecit,
744 3564 843 3628 quem
857 3543 998 3627 virgines
1010 3548 1169 3626 aquatum
1184 3547 1298 3607 euntes

174 3673 278 3754 Juxta
301 3671 412 3752 ignem
436 3671 612 3733 Inventum
636 3669 850 3746 sustulerunt,
874 3669 932 3753 qui
956 3688 976 3731 a
996 3668 1085 3732 fonte
1103 3651 1316 3750 haudlonga'

184 3802 266 3860 erat.
298 3796 361 3860 Hic
384 3801 494 3878 postca
518 3794 653 3859 collecta
678 3795 901 3874 multitudine,
925 3802 1097 3878 postquam
1121 3795 1177 3858 diu
1201 3794 1298 3858 latro-

183 3923 314 3985 cinatos
344 3927 401 4000 est,
425 3921 676 3985 Praenestinam
700 3922 867 3984 civitatem
892 3922 927 3984 in
953 3921 1119 3984 montibus
1142 3921 1297 3985 condidit.

184 4047 229 4110 Et
263 4068 338 4112 curn
374 4048 415 4110 ad
449 4047 543 4111 ludos
576 4048 704 4111 vicinos
737 4047 872 4132 populos
900 4049 1084 4127 invitasset,
1114 4048 1220 4131 coepit
1244 4067 1298 4112 eos

184 4173 322 4251 hortari,
347 4179 384 4236 ut
407 4192 518 4237 secum
543 4173 730 4237 habitarent
755 4180 787 4238 et
810 4194 866 4257 pro
887 4174 992 4256 gloria
1009 4178 1132 4257 jactare
1144 4194 1177 4237 se
1191 4175 1298 4237 filium

185 4318 253 4364 esse
288 4296 437 4363 Vulcani.
475 4297 569 4380 Quod
603 4318 710 4381 quum
743 4300 794 4361 illi
830 4320 896 4364 non
932 4300 1108 4378 crederent,
1144 4301 1298 4365 invocato

185 4425 346 4502 Vulcano,
380 4431 418 4488 ut
451 4444 527 4491 eum
558 4424 663 4488 filium
697 4445 794 4488 suum
826 4426 1054 4508 comprobaret
1078 4427 1185 4489 omnis
1209 4424 1299 4489 illius
