2956 5040
719 333 759 392 88

178 545 309 607 Danaes
333 543 368 605 in
393 544 487 624 cujus
508 543 672 624 gremium
697 541 864 605 descendit
887 541 1019 623 Jupiter
1042 541 1240 622 liquefactus
1263 541 1297 602 in

174 686 295 730 aurum
331 673 364 729 et
399 686 476 729 cum
511 665 621 747 puella
654 664 789 743 coivit'',
828 670 859 728 et
891 665 990 729 ibic:
1024 713 1043 740 „
1054 664 1172 743 Ardea,
1205 665 1299 746 quasi

177 790 301 866 Ardua,
325 789 377 853 vel
406 790 495 872 quod
517 787 735 852 condentibus
759 789 875 852 urbem
904 789 1089 870 auspicium
1113 789 1177 850 fuit
1200 787 1299 850 ardea

176 916 258 991 avis,
290 915 344 978 vel
359 915 416 978 ¹ab
449 914 568 991 Ardea,
600 915 668 977 filio
699 914 810 977 Ulixis
833 919 866 977 et
888 912 1010 991 Circes,
1036 914 1090 977 vel
1113 915 1157 978 ab
1180 913 1300 988 Ardea,

176 1059 252 1122 rege
274 1040 489 1116 Rutulorum,
512 1040 572 1121 qui
596 1039 693 1101 duxit
716 1037 889 1101 Danaen?

221 1164 405 1227 Audiamus
431 1166 501 1245 jam
534 1163 652 1243 Heyne
685 1164 719 1225 in
750 1164 900 1226 Excursu
933 1163 961 1227 7.
994 1162 1086 1225 Libri
1117 1158 1192 1239 VII,
1229 1181 1300 1224 nar·

176 1292 326 1352 rantum:
358 1288 496 1364 „Turni
529 1288 641 1369 itaque
672 1288 833 1370 originem
867 1292 964 1370 poeta
987 1307 1007 1349 a
1032 1287 1157 1363 Danae,
1182 1286 1302 1349 Acrisii

179 1414 263 1495 regis
287 1411 487 1495 Argivorum
513 1411 593 1488 filia,
617 1413 728 1474 Persei
754 1419 869 1489 matre,
894 1412 1038 1494 repetiit:
1062 1411 1212 1475 fabulam
1235 1409 1303 1473 vul-

177 1558 290 1621 garam
313 1545 454 1613 secutus,
478 1556 545 1620 quc
569 1538 678 1600 Ardea
700 1557 720 1599 a
746 1538 869 1614 Danae,
894 1536 1003 1600 Persei
1027 1542 1143 1614 matre,
1168 1537 1303 1600 condita

179 1660 402 1739 credebatur'’,
434 1668 466 1726 et
496 1662 610 1725 eodem
643 1663 712 1725 loco
736 1661 770 1724 in
795 1664 878 1726 fine:
902 1662 979 1739 „Ut
1007 1662 1167 1725 tollantur
1189 1663 1302 1725 obscu-

179 1790 295 1851 ritates
327 1789 426 1870 hujus
457 1787 577 1869 stirpis,
603 1805 768 1868 apponere
791 1787 900 1868 placet
923 1792 1065 1851 stemma
1089 1771 1137 1850 ex*
1153 1786 1303 1869 Vergilio

181 1912 450 1989 adumbratum'’,
482 1914 518 1974 in
549 1932 615 1994 quo
646 1913 855 1989 Pilumnum,
885 1919 1042 1994 quartum
1073 1911 1173 1974 illum
1197 1911 1304 1973 Turni

180 2043 318 2120 patrem,
342 2040 411 2119 ejus
434 2057 535 2099 avum
560 2037 638 2099 lacit
659 2041 852 2119 patremque
871 2033 1034 2112 Veniliae,
1054 2055 1121 2117 qna
1140 2036 1175 2096 in
1188 2054 1224 2098 re
1237 2054 1303 2098 non

180 2165 392 2247 perspicuum
417 2168 529 2226 tamen
554 2169 602 2226 est
625 2162 788 2244 quomodo
812 2161 945 2223 Turnus
968 2161 1086 2224 Latino
1110 2159 1305 2241 consangui-

181 2308 263 2351 neus
297 2289 350 2364 sit,
381 2307 480 2370 quem
512 2287 684 2350 sobrinum
717 2288 857 2349 Amatae
887 2286 977 2349 dicit.
1004 2286 1047 2348 Et
1070 2305 1128 2368 pro
1151 2285 1193 2346 iis
1217 2303 1304 2367 quae

182 2411 296 2477 scribit
325 2412 462 2490 Preller,
492 2413 590 2477 Rom.
614 2412 721 2492 Myth.
744 2411 789 2488 Il,
814 2431 866 2494 pg.
892 2412 974 2488 3303
1006 2412 1098 2487 „Die
1121 2411 1305 2492 argivischc

183 2540 298 2600 Dana'e'
332 2537 393 2600 soll
428 2558 487 2599 zur
521 2537 593 2600 Zeit
627 2537 682 2600 des
713 2537 889 2600 Pilumnus
922 2538 958 2598 in
982 2537 1090 2599 ihrem
1115 2536 1238 2598 Kasten
1263 2554 1305 2598 an

184 2664 288 2726 dieses
319 2663 413 2725 Laud
436 2663 602 2744 getriebeu
629 2662 700 2724 sein
724 2663 791 2725 und
814 2663 877 2724 mit
899 2663 970 2723 ihm
995 2661 1102 2723 Ardea
1124 2657 1306 2742 gegriindet

185 2789 302 2866 haben,
335 2788 435 2850 daher
470 2786 604 2850 Turnus
637 2788 689 2850 bei
718 2787 824 2870 Virgil
848 2809 889 2851 zu
913 2788 1022 2851 einem
1048 2783 1307 2866 Abkommeling

184 2914 242 2976 der
275 2913 341 2976 alte
376 2913 504 2976 Hero'eu
539 2932 603 2975 von
637 2913 744 2995 Argos
777 2914 844 2976 und
868 2914 1007 2995 Mycena
1030 2913 1205 2996 geworden
1231 2908 1305 2990 ist'',
1352 2984 1376 3002 ,

184 3039 292 3119 legere
327 3037 478 3118 equidem
511 3035 645 3099 malim:
681 3036 838 3118 „Argiva
870 3035 984 3101 Danae
1015 3057 1035 3100 a
1066 3037 1214 3120 Vergilio
1239 3038 1308 3100 dux

184 3162 270 3225 facta
293 3167 341 3224 est
364 3161 567 3239 colonorum,
591 3162 651 3243 qui
673 3160 818 3225 Ardeam
842 3161 1068 3237 condiderant,
1094 3165 1132 3223 ut
1152 3180 1190 3225 eo
1210 3161 1307 3224 modo

186 3284 340 3347 Turnum
365 3285 482 3347 Inachi
505 3284 625 3348 Acrisii
649 3286 840 3368 progeniem
864 3287 988 3368 fingere
1011 3283 1151 3368 posset.”

229 3408 291 3470 His
313 3408 458 3472 collectis
481 3406 618 3471 historia
636 3409 770 3472 fabulae
790 3411 871 3472 haec
884 3409 968 3471 mihi
981 3409 1123 3472 videtur.
1138 3408 1308 3489 Vergilius

187 3535 246 3596 hoo
270 3533 337 3614 egit
360 3538 398 3595 ut
423 3533 534 3596 virum
558 3534 767 3614 praeclarum
788 3533 941 3596 Turnum
961 3533 1109 3615 fingeret,
1132 3537 1164 3596 et
1186 3537 1223 3595 ut
1235 3551 1311 3596 con·

186 3658 298 3719 silium
335 3677 435 3720 suum
466 3662 703 3740 assequeretur,
728 3677 804 3721 eum
838 3657 946 3720 filium
971 3657 1133 3734 Veniliae,
1156 3657 1309 3721 subolem

186 3782 338 3844 Pilumni
373 3782 460 3857 fecit,
494 3783 554 3864 qui
587 3783 668 3846 olim
702 3783 760 3859 dii,
793 3783 932 3845 nomina
958 3784 1029 3864 jam
1063 3782 1198 3845 deorum
1231 3782 1311 3846 facti

187 3913 298 3984 erant3
323 3908 353 3970 ei
375 3912 502 3988 patrem
526 3907 679 3970 attribuit
705 3904 873 3982 Daunum,
896 3925 963 3987 quo
987 3906 1122 3969 nomine
1142 3925 1201 3968 rex
1221 3904 1309 3987 Apu·

187 4033 252 4094 liae
265 4031 344 4094 olim
358 4031 543 4113 appellatus
556 4036 635 4094 erat.
649 4032 749 4094 Porro
762 4037 854 4092 amat
867 4049 942 4093 eum
957 4050 1032 4093 eum
1047 4028 1164 4092 Iliadis
1177 4030 1308 4094 Achille

187 4155 342 4229 conferre,
364 4155 402 4217 cf.
421 4152 504 4216 Aen.
525 4150 581 4237 Vl,
603 4155 660 4215 89:
681 4201 701 4230 „
711 4154 806 4217 Alius
818 4155 914 4217 Latio
920 4157 990 4237 jam
1004 4161 1118 4236 partus
1131 4151 1306 4231 Achilles'’,

186 4277 243 4354 IX,
271 4279 349 4342 742:
374 4276 519 4361 „Incipe
544 4263 685 4360 (Turnus
709 4279 767 4362 ait)
792 4280 821 4341 si
841 4298 907 4360 qua
927 4281 1041 4343 animo
1063 4280 1170 4342 virtus
1183 4287 1215 4342 et
1229 4299 1306 4343 cou-
