2956 5040
648 409 688 471 95

623 711 711 783 VII.

521 931 803 1001 Aventinus.

593 1172 738 1182 ...-...-..-

144 1350 330 1415 Aventinus
364 1352 435 1431 ille,
470 1352 559 1415 filius
595 1348 758 1429 Herculis,
796 1370 816 1414 a
849 1352 942 1416 nullo
976 1351 1041 1417 alio
1069 1353 1225 1436 scriptore

99 1484 376 1548 commemoratus
400 1483 459 1541 cst.
485 1479 583 1560 Apud
609 1478 730 1542 multos
754 1483 866 1542 autem
893 1479 1066 1543 invenitur
1088 1477 1227 1543 Aventi-

99 1622 173 1680 nus,
197 1622 359 1667 successor
381 1602 520 1667 Romuli
544 1603 652 1680 Silvii,
677 1601 783 1666 Albae
806 1602 938 1686 Longae
951 1605 1118 1668 undecimi
1131 1605 1226 1687 regis.

100 1727 149 1792 Nc
174 1725 279 1794 Varro
304 1728 451 1811 quidem,
474 1729 532 1810 qui
553 1729 664 1791 varias
683 1729 908 1792 derivationes
922 1730 1068 1793 nominis
1081 1729 1225 1807 tradidit,

100 1853 187 1917 inter
211 1854 270 1916 has
294 1852 452 1916 Aventini
479 1873 600 1917 nomen
625 1852 766 1926 rettulit,
791 1852 830 1916 ol.
855 1850 893 1914 L.
916 1852 952 1917 L.
977 1853 1018 1931 V,
1041 1855 1094 1916 43.
1115 1851 1223 1934 Quam

103 1979 142 2041 ob
174 1996 308 2041 causam
334 1977 430 2040 illum
462 1977 668 2040 Aventinum
693 1982 809 2058 poetae
833 1978 1028 2058 figmentum
1055 1997 1122 2042 csse
1145 1979 1226 2041 exie

101 2103 192 2168 timo.
216 2101 324 2168 Nemo
350 2108 461 2167 tamen
485 2102 546 2165 hoc
566 2102 762 2182 figmentum
786 2105 824 2164 ut
841 2102 1046 2182 ingeniosum
1067 2101 1225 2180 laudabit,

99 2229 155 2308 qui
186 2246 262 2290 eam
293 2228 431 2289 mutetis
466 2228 596 2287 tantum
626 2224 819 2288 nominibus
842 2244 861 2288 e
884 2225 997 2288 sabula
1020 2225 1059 2288 de
1083 2225 1225 2290 Romulo

92 2348 272 2434 Remoquo
307 2355 414 2416 ortam
445 2349 661 2427 intellexerit,
693 2349 774 2430 qnia
805 2348 918 2413 Rheae
947 2349 1060 2414 Rheae
1090 2350 1224 2428 Silviae,

89 2472 236 2540 Herculi
261 2473 386 2553 Martis,
411 2473 580 2538 Aventino
603 2472 820 2555 gemellorum
844 2492 983 2557 persona
1004 2473 1082 2536 data
1104 2479 1162 2538 est.

609 3109 715 3183 VIII.

417 3331 585 3414 Titurius,
608 3329 725 3415 torae,
751 3329 906 3400 catillus.

592 3559 736 3570 —--

144 3750 281 3836 Scripsit
316 3752 484 3837 Vergilius
517 3751 598 3817 Aen.
623 3747 700 3831 VII,
725 3750 806 3814 670:
829 3748 939 3828 „Tum
963 3752 1090 3835 gemini
1112 3753 1228 3816 fratres

41 3862 272 3944 Tribunis
304 3880 436 3942 moenia
459 3879 632 3962 linquunt,
656 3878 783 3940 Fratris
809 3876 943 3941 Tiburti
966 3878 1086 3941 dictam
1111 3897 1225 3960 cogno·

51 4005 193 4068 rnine
215 4008 347 4087 gentem
372 4002 579 4086 Catillusque
601 4022 740 4086 acerque
759 4000 872 4079 Coras,
893 4002 1020 4085 Argiva
1029 3992 1224 4086 ¹juventus”,

49 4129 141 4192 ef,
165 4125 226 4206 XI,
251 4129 326 4208 464,
352 4129 426 4206 603,
454 4129 529 4192 640.

146 4252 243 4334 Apud
266 4253 420 4317 Solinum
444 4274 493 4337 op.
520 4257 549 4333 2,
578 4255 606 4331 7,
634 4256 713 4317 haec
736 4254 943 4317 invenimus:
963 4254 1092 4331 „Tibur
1110 4260 1221 4318 autem

56 4373 184 4441 Sicut
213 4375 296 4442 (lato
328 4379 556 4443 testimonium
590 4379 666 4442 facit
703 4397 724 4439 a
756 4375 876 4441 Catillo
905 4378 1038 4458 Arcade,
1061 4379 1225 4461 praefecto
