2956 5040
669 397 709 457 tt

176 605 298 672 Omnia
320 606 400 672 haec
425 609 555 687 tradita,
581 607 667 685 fieta,
693 627 771 671 vera
795 608 846 671 val
870 607 993 671 credita
1016 607 1068 670 vel
1092 625 1156 670 non
1176 624 1241 669 ore·

129 734 199 798 dita
227 740 303 797 sunt
334 753 437 817 quum
469 731 674 799 Octavianus
701 733 845 796 Antonio
870 733 997 797 devicto
1023 752 1099 797 mox
1124 730 1237 795 trium·

128 858 275 921 virorum
298 859 385 921 solus
408 862 579 939 superstes,
605 858 645 920 ad
666 857 787 921 altiora
806 857 950 932 tendens,
964 857 1094 920 animos
1116 856 1239 919 civium

129 984 193 1047 sibi
233 983 410 1047 conciliare
445 1001 605 1064 suamque
639 988 830 1065 potestatem
867 983 1059 1046 confirmare
1094 987 1240 1044 conatur.

129 1109 226 1172 Modo
268 1109 422 1172 audacter
466 1106 561 1171 modo
597 1108 830 1171 verecundiam
865 1106 1082 1190 praetendens
1114 1125 1243 1188 semper

133 1234 309 1317 prudenter
337 1239 496 1315 cauteque
527 1234 728 1316 propositum
756 1239 855 1308 tenet,
881 1234 1036 1315 omnique
1061 1251 1121 1314 ope
1144 1237 1242 1313 atque

133 1379 232 1442 opera
261 1361 398 1424 enititur
421 1364 459 1423 ut
481 1378 542 1422 sua
566 1364 705 1442 potestas
729 1359 883 1422 omnibns
906 1377 972 1422 non
996 1357 1103 1420 solum
1129 1374 1242 1441 appro-

132 1486 229 1550 betur
259 1485 313 1550 sed
344 1485 387 1549 ab
418 1486 572 1549 omnibus
595 1490 788 1567 exposcatur
810 1485 922 1562 etiam,
946 1484 1110 1547 confidens
1134 1503 1167 1546 se
1190 1501 1242 1564 pa·

134 1611 234 1673 triam
247 1610 416 1674 discordiis
427 1609 615 1692 principum
630 1610 823 1673 exhaustam
837 1611 873 1672 in
887 1611 1052 1693 integrum
1062 1611 1241 1686 restituere,

131 1754 232 1817 seque
267 1736 364 1813 cives,
391 1735 588 1818 jamdudum
624 1735 718 1798 bellis
752 1736 907 1799 civilibus
939 1735 1026 1798 inter
1055 1753 1144 1817 spem
1178 1753 1243 1798 me·

132 1867 268 1943 tumque
299 1867 474 1939 versantes,
499 1880 638 1942 quorum
669 1861 727 1923 alii
752 1859 893 1951 luxuria,
917 1861 977 1923 alii
1003 1864 1144 1942 egestate
1167 1863 1244 1922 sunt

133 1988 313 2072 depravati,
346 1989 387 2052 ad
415 1989 663 2070 prosperitatem
688 1988 847 2051 adducere
871 2006 972 2068 posse.
999 1986 1088 2049 Haeo
1114 1991 1151 2048 ut
1174 2004 1244 2066 per·

134 2117 240 2195 patret
271 2110 317 2174 nil
347 2113 555 2195 inexpertum
588 2113 756 2194 relinquit,
782 2112 843 2176 sibi
868 2113 1015 2175 homines
1038 2113 1079 2175 ad
1103 2113 1244 2193 proposi-

136 2245 208 2303 tum
238 2240 460 2322 peragendum
493 2245 585 2321 aptos
616 2239 755 2301 assumit
785 2239 935 2321 interque
967 2257 1021 2300 eos
1043 2242 1162 2319 po'e‘tas,
1186 2236 1242 2320 qui

133 2365 338 2428 carminibus
357 2367 427 2447 jam
452 2364 633 2426 multorum
657 2364 786 2426 animos
809 2363 843 2425 in
868 2382 901 2426 se
924 2365 1163 2426 converterant.
1189 2361 1243 2425 Sic

133 2488 309 2552 Horatium
354 2491 423 2571 ejus
464 2488 626 2552 voluntati
664 2488 906 2569 obsequentem,
944 2487 1116 2569 lyramque
1149 2506 1241 2549 suam

133 2622 314 2698 cogentem,
349 2623 387 2678 ut
421 2619 530 2679 canmt
560 2616 772 2698 antiquorum
799 2635 939 2690 morum,
964 2616 1100 2679 deorum
1126 2615 1243 2691 cultus,

135 2740 353 2817 matrimonii,
387 2741 634 2822 temperantiae,
658 2741 818 2804 castitatis
850 2740 989 2823 denique
1013 2740 1142 2803 laudern
1168 2760 1244 2822 que·

134 2865 219 2927 relas
251 2865 417 2928 effundere
446 2866 606 2943 videmus,
630 2866 718 2947 quod
741 2885 808 2930 non
833 2868 945 2931 omnia
967 2886 1053 2948 quaa
1077 2866 1244 2949 Augustus

134 2997 231 3074 optet,
256 2991 364 3055 verbis
387 2992 520 3073 exsequi
543 2993 653 3074 possit.
678 2989 726 3054 ef.
751 2992 810 3074 Ep.
834 2992 877 3070 Π,
901 2994 929 3070 l,
955 2994 1036 3054 250:
1060 2991 1157 3069 „Nec
1180 3012 1243 3056 ser-

135 3135 250 3181 mones
281 3135 338 3200 ego
371 3116 504 3180 mallem
530 3116 694 3198 Repentes
715 3136 773 3198 per
798 3119 936 3180 humum
962 3137 1060 3200 quam
1085 3136 1135 3180 res
1158 3137 1244 3182 ooni-

134 3261 256 3337 ppnere
290 3248 483 3325 gestas...
516 3242 551 3305 Si
583 3249 746 3325 quantum
778 3261 929 3324 cuperem
953 3261 1078 3324 possem
1103 3261 1242 3325 quoque,

134 3367 189 3430 sed
214 3386 318 3450 neque
341 3386 481 3448 parvum
507 3366 648 3431 Carmen
674 3368 825 3449 majestas
850 3368 970 3449 recepit
991 3371 1058 3445 tua,
1080 3386 1139 3430 nec
1154 3387 1244 3430 meus

135 3494 235 3557 audet
269 3493 353 3556 Rem
391 3499 552 3575 temptare
586 3493 691 3574 pudor
721 3512 821 3576 quam
846 3493 932 3556 vires
956 3493 1039 3557 ferre
1063 3491 1243 3556 recusent&

136 3618 226 3682 Haeo
257 3624 368 3681 tamen
399 3615 543 3700 Vergilio
568 3621 639 3701 jam
667 3618 851 3700 prosperius
873 3624 1102 3695 successerant,
1127 3618 1184 3701 qui
1207 3617 1243 3679 in

137 3743 282 3806 Aeneide
312 3761 393 3825 opus
421 3741 608 3825 perfecerat,
635 3742 807 3826 quodnisi
832 3743 874 3806 ab
899 3743 1044 3826 Augusto
1067 3749 1150 3808 esset
1174 3763 1243 3826 pro·

137 3868 262 3945 batum,
285 3875 382 3950 poeta
402 3874 532 3931 mortuo
553 3874 638 3932 certe
660 3866 1044 3951 Varius'i'uocaquanou
1058 3870 1244 3934 edidissent.

180 3995 226 4058 Ut
251 3995 484 4076 perspiciamus
507 4013 570 4077 quo
597 3995 692 4058 modo
718 3994 769 4057 hic
792 3993 951 4058 Aeneiam
974 3995 1120 4058 fabulam
1147 3996 1244 4059 tradi-

137 4119 228 4196 derit,
251 4116 284 4180 in
311 4119 503 4182 memoriam
528 4119 655 4182 fabulae
678 4126 908 4201 argumentum
929 4119 1071 4184 breviter
1092 4140 1242 4184 revocan-

137 4244 215 4306 dum
239 4244 312 4307 erit.

182 4368 309 4433 Aeneas
331 4367 426 4452 Troja
448 4371 555 4434 deleta
578 4373 618 4434 ad
639 4370 731 4433 Idam
752 4371 1050 4453 profectus,deinde
1069 4372 1242 4436 Thraciam
