2956 5040
663 375 703 436 tl

123 578 159 640 in
191 575 323 643 Aeneae
353 584 387 643 at
418 577 612 662 Aphrodites
644 580 805 645 Aeneadis
838 584 994 647 honorem
1018 585 1158 649 conditis
1180 606 1248 651 sae·

123 701 199 782 pius
229 703 432 793 mentionem
466 704 556 779 facit,
589 706 629 768 de
662 707 785 787 quibus
808 712 938 788 praeter
960 707 1045 771 illud
1067 709 1104 771 in
1127 710 1246 790 Erycis

124 826 246 891 vertice
282 847 325 891 ne
360 829 500 912 vestigia
533 830 667 911 quidem
700 830 787 912 apud
820 831 1005 913 Vergilium
1032 834 1223 898 invenimus
1233 860 1242 911 ;

123 969 226 1033 quam
250 953 485 1019 dissensionem
510 961 657 1019 veterem
682 956 886 1019 discriminis
910 957 1100 1021 recentioris
1121 959 1246 1023 fontem

124 1094 192 1139 esse
215 1076 298 1140 mihi
321 1079 457 1160 quidem
481 1079 578 1142 valde
600 1080 773 1161 probabile
797 1081 938 1144 videtur.

485 1336 505 1418 ἓ
530 1338 559 1400 3.
584 1335 727 1402 Fabulae
748 1335 889 1444 historio.

168 1580 418 1661 Inquirentibus
440 1583 475 1645 in
500 1583 647 1647 fabulam
671 1585 711 1647 de
735 1582 857 1660 Aenea,
881 1584 967 1647 inita
991 1583 1246 1667 ascriptoribus

124 1703 320 1767 traditarum
364 1707 594 1770 narrationum
630 1709 770 1784 ratione,
807 1709 960 1791 inprimis
995 1728 1122 1786 causae,
1157 1729 1244 1792 quae

125 1827 274 1892 homines
294 1835 471 1895 moverunt
490 1836 529 1895 ut
542 1851 615 1895 eam
628 1833 824 1918 acciperent,
840 1837 1009 1896 mutarent
1021 1837 1246 1915 ornarentque

124 1953 346 2018 observandae
378 1960 465 2019 sunt.
490 1954 577 2019 Nam
601 1957 686 2020 illud
710 1957 810 2034 „sine
832 1976 932 2021 causa
955 1958 1068 2021 nullus
1090 1956 1245 2021 effectus''

122 2079 159 2141 in
190 2081 308 2163 primis
338 2082 374 2144 in
398 2081 520 2145 fabulis
544 2082 644 2160 valet,
668 2101 753 2163 quae
777 2086 871 2145 tanta
894 2082 1126 2162 praemeditati
1151 2100 1247 2144 orna·

124 2209 177 2268 tus
216 2206 350 2283 indicia,
392 2212 520 2288 quanta
562 2205 686 2270 Aeneia
725 2208 914 2271 ostendunt.
950 2206 1092 2271 Culmcn
1128 2212 1242 2269 autem

124 2335 261 2394 ornatus
294 2329 408 2395 fabula
442 2333 485 2396 ob
515 2350 629 2395 causas
651 2331 746 2394 nullo
773 2331 869 2394 modo
892 2330 1100 2394 absconditas
1123 2327 1156 2390 in
1183 2327 1245 2392 Ae-

124 2456 220 2519 neide
253 2456 374 2539 attigit.
410 2456 560 2520 Fabulae
589 2460 824 2538 argumentum
856 2454 892 2515 in
925 2459 1113 2535 temporum
1146 2472 1243 2517 cursu

122 2580 269 2662 primum
294 2580 459 2662 indagabo
482 2583 514 2643 et
538 2579 689 2661 deinceps
714 2578 908 2641 mutationis
932 2596 1046 2641 causas
1071 2577 1244 2659 exquirere

124 2704 278 2767 conabor.

167 2827 315 2892 Fabulae
338 2828 506 2893 cunabula
529 2847 641 2893 versus
659 2827 699 2892 Il.
720 2825 797 2904 XX,
818 2826 881 2890 307
903 2830 990 2903 sunt,
1003 2826 1045 2888 ad
1065 2845 1148 2907 quos
1160 2826 1242 2888 Ver·

122 2953 199 3036 gilii
221 2953 323 3017 verba
345 2952 426 3016 Aen.
450 2953 510 3047 Hi,
534 2953 574 3016 97
598 2956 758 3033 spectant,
783 2970 885 3032 quam
906 2951 1104 3014 sententiam
1127 2954 1244 3013 auctor

124 3076 253 3160 Hymni
288 3078 330 3141 ad
360 3077 565 3160 Aphroditen
596 3077 768 3158 repetivit:
800 3074 1002 3153 „Aeneadae
1024 3074 1241 3157 Trojanorum

122 3202 288 3286 principes
312 3201 449 3266 erunt!’'

169 3324 329 3391 Hesiodus
371 3324 517 3390 Aeneam
560 3325 672 3407 paucis
718 3324 828 3387 verbis
862 3305 1114 3386 commemorat}
1145 3318 1242 3400 Quod

122 3457 237 3516 autem
275 3451 489 3534 sequentibus
523 3451 670 3514 versibus
706 3448 757 3530 (cf.
790 3448 912 3530 Theog.
945 3446 1043 3528 1008)
1073 3446 1113 3508 de
1144 3445 1244 3526 Agrio

122 3577 318 3658 Latinoque,
341 3576 418 3638 filiis
440 3572 569 3656 Ulyssis
590 3578 623 3637 et
646 3572 766 3656 Circes,
791 3571 1040 3653 Tyrrhenorum
1061 3571 1095 3633 in
1116 3569 1244 3633 insulas

123 3704 267 3764 remotas
299 3695 446 3778 ducibus,
480 3699 558 3780 egit,
589 3717 665 3762 eum
695 3697 934 3779 longinquiora
962 3694 1095 3759 Aeneae
1117 3695 1240 3758 itinera

123 3825 250 3889 nescire
272 3826 470 3889 contendere
493 3824 581 3888 licet.
633 3869 636 3873 ‚

167 3949 328 4015 Arctinus
357 3971 424 4016 non
457 3951 496 4014 de
520 3949 630 4014 Aenea
656 3948 706 4030 (cf.
732 3947 919 4029 Schwegler·
941 3965 994 4030 pg.
1020 3947 1094 4023 296,
1118 3941 1242 4008 Preller

124 4073 168 4154 II,
189 4097 243 4159 pg.
268 4078 345 4160 311)
369 4078 424 4141 sed
447 4077 487 4140 de
511 4077 579 4159 ejus
602 4074 750 4138 familiae
769 4074 811 4136 ad
830 4070 925 4135 Idam
939 4071 1137 4154 migratione
1150 4089 1241 4133 men·

124 4201 249 4265 tionem
272 4203 359 4279 feeit,
382 4220 400 4265 e
423 4201 543 4283 quibus
562 4199 758 4264 testimoniis
776 4202 867 4279 patet
887 4203 964 4260 ante
983 4195 1151 4259 saeculum
1176 4196 1242 4258 fere

124 4327 298 4412 septimum
324 4348 353 4390 a.
379 4326 456 4391 Chr.
481 4345 516 4390 n.
540 4325 673 4389 nullum
699 4327 814 4388 testem
840 4323 970 4386 Aeneae
992 4319 1121 4385 itineris
1144 4321 1242 4385 nobis
