2956 5040
672 395 712 456 39

183 607 229 669 De
253 607 401 690 Trojanis
423 605 558 669 familiis
575 607 679 670 Varro
701 606 750 686 (cf.
771 605 861 670 Serv.
883 606 963 669 Aen.
985 605 1023 682 V,
1038 605 1111 685 704)
1124 610 1156 667 et
1175 604 1244 686 Hy·

135 729 233 810 giuus
256 729 308 811 (cl.
333 731 424 796 Serv.
448 727 486 808 V,
511 733 585 813 389)
606 733 813 815 scripserunt.
837 728 1024 812 Dionysius,
1037 729 1061 807 I,
1077 731 1116 791 85
1130 735 1245 792 narrat

135 874 195 917 suo
226 861 372 939 ternpore
395 858 521 922 Romae
545 858 789 941 quinquaginta
811 856 942 920 circiter
966 856 1109 918 familias
1132 854 1242 938 Troja-

136 999 205 1058 nas,
227 988 401 1064 prognatus
425 1003 442 1046 e
466 982 624 1066 TrojanIs‚
649 985 704 1065 qui
726 983 805 1046 olim
827 981 1242 1064 exAlbaLongaltomam

134 1107 271 1188 profecti
295 1116 410 1187 esseut,
435 1128 610 1192 superesse,
635 1129 738 1192 quum
764 1109 831 1187 ille,
851 1108 908 1185 IV,
929 1108 969 1169 68
989 1108 1116 1184 Iunios,
1129 1106 1186 1183 VI,
1200 1107 1241 1168 69

134 1232 283 1313 Nautios,
306 1235 447 1314 Servius,
471 1235 552 1300 Aen.
577 1237 617 1314 V,
643 1237 682 1298 ll
708 1236 844 1318 Sergios,
870 1233 1009 1298 Cloelius
1029 1232 1242 1310 etAemilios,

133 1360 248 1423 Festus
270 1380 322 1444 pg.
350 1362 409 1422 166
434 1336 581 1440 Nautios,
601 1362 772 1444 dequibus
786 1361 889 1424 Varro
902 1361 1082 1442 scripserat,
1095 1359 1135 1423 cf.
1149 1359 1240 1422 Seru.

134 1485 216 1550 Aen.
241 1486 279 1564 V,
307 1487 381 1549 loa:
407 1487 556 1565 „Pallas
580 1505 677 1569 quem
700 1485 868 1568 (Nautem)
890 1486 1009 1563 docuit,
1029 1483 1162 1566 -quia
1173 1484 1242 1566 ipsa

133 1609 272 1673 Romam
307 1612 493 1675 Palladium
527 1612 655 1690 detulit,
687 1612 774 1675 unde
803 1609 1000 1675 Nautiorum
1031 1609 1160 1671 familia
1183 1609 1242 1670 Illi·

132 1755 254 1801 nervae
278 1755 369 1800 saora
391 1736 586 1815 retinebat'',
610 1773 652 1784 -
677 1738 764 1800 inter
787 1736 945 1818 Trojanas
968 1733 1111 1797 familias
1133 1754 1242 1798 recen·

132 1867 281 1927 suerunt.
313 1860 427 1943 Quum
457 1869 570 1926 tamen
601 1866 669 1946 jam
695 1869 855 1945 queratur
878 1861 999 1940 Cicero,
1025 1859 1114 1925 Brut.
1140 1861 1157 1944 b
1182 1861 1240 1922 62:

131 1987 204 2064 „Et
239 1989 385 2053 hercules
418 1989 477 2052 hae
509 1989 726 2069 (laudationes
749 1989 910 2068 funebres)
934 1987 1068 2068 quidem
1092 1991 1239 2049 exstant:

130 2114 220 2196 ipsae
250 2115 336 2177 enim
369 2115 515 2177 familiae
546 2133 605 2178 sua
626 2115 719 2197 quasi
744 2118 939 2178 ornamenta
963 2131 1001 2177 ac
1027 2116 1241 2176 monumenta

130 2239 317 2317 servabant,
352 2246 384 2304 et
426 2241 467 2303 ad
508 2260 615 2318 usum,
650 2241 677 2302 si
711 2240 786 2322 quis
819 2239 962 2321 ejusdem
997 2237 1125 2319 generis
1160 2237 1240 2301 occi-

130 2365 229 2428 disset
262 2371 294 2428 et
325 2366 366 2428 ad
390 2367 583 2429 memoriam
610 2365 744 2429 laudum
769 2365 1024 2428 domesticarum
1049 2369 1081 2427 et
1102 2364 1143 2426 ad
1166 2364 1242 2427 illu·

129 2490 298 2555 strandam
335 2492 544 2555 nobilitatem
582 2510 687 2555 suam.
718 2488 930 2571 Quamquam
962 2489 1011 2551 his
1045 2489 1239 2552 laudationi·

129 2617 190 2681 bus
223 2618 357 2680 historia
389 2636 499 2680 rerum
523 2622 707 2681 nostrarum
731 2621 779 2678 est
801 2615 887 2678 facta
911 2614 1108 2678 mendosius.
1133 2614 1240 2677 Multa

129 2746 219 2807 enim
262 2745 380 2827 scripta
421 2749 497 2807 suut
537 2741 570 2805 in
614 2744 664 2820 iis,
698 2761 780 2824 quae
822 2742 906 2804 facta
940 2760 1005 2804 non
1041 2747 1128 2819 sunt,
1163 2740 1237 2804 falsi

127 2870 300 2952 triumphi,
330 2870 439 2952 plures
470 2869 666 2946 consulatus,
698 2886 818 2951 genera
846 2868 945 2930 etiem
970 2866 1051 2930 falsa
1074 2866 1180 2945 cett.'’,
1206 2873 1238 2931 et

127 2993 255 3074 Livius,
289 2997 376 3075 VIII,
408 2998 468 3060 40:
507 3045 526 3073 ,‚
537 2997 688 3060 vitiatam
723 2996 914 3059 memoriam
947 2993 1139 3059 funebribus
1170 2995 1239 3058 lau-

125 3123 223 3186 dibus
252 3143 325 3187 reor
356 3122 507 3205 falsisque
539 3124 725 3205 imaginum
758 3122 873 3199 titulis,
906 3123 984 3184 dum
1017 3122 1163 3186 familiae
1194 3122 1236 3185 ad

124 3267 160 3311 sc
195 3266 344 3331 quaeque
378 3248 500 3311 famam
534 3253 830 3331 rerumgestarum
857 3249 1085 3330 honorumque
1108 3248 1235 3312 fallenti

126 3373 296 3438 mendacio
327 3375 473 3437 trahunt.
500 3372 581 3437 Inde
611 3381 698 3439 certe
726 3378 758 3437 et
781 3374 986 3456 singulorum
1011 3379 1101 3456 gesta
1124 3381 1156 3437 et
1178 3393 1237 3455 pu·

126 3499 212 3564 blica
242 3506 458 3563 monumenta
491 3518 600 3563 rerum
628 3500 772 3563 confusa.
796 3498 864 3562 Nec
888 3499 1063 3581 quisquam
1089 3498 1235 3580 aequalis

126 3625 328 3706 temporibus
360 3625 427 3687 illis
461 3627 599 3708 scrIptor
635 3633 733 3702 extat,
769 3644 833 3707 quo
869 3626 946 3687 satis
982 3630 1068 3688 certo
1102 3631 1235 3688 auctore

123 3747 263 3828 stetur'3
287 3756 319 3814 et
341 3750 472 3813 Plinius
495 3757 616 3828 narret,
640 3751 780 3828 XXXV,
804 3754 833 3828 2,
856 3751 892 3812 8:
915 3751 1058 3827 „Exstat
1078 3750 1235 3815 Messalae

122 3876 261 3939 oratoris
294 3875 487 3958 indignatio,
518 3895 604 3958 quae
630 3877 797 3959 probibuit
820 3876 920 3939 inseri
944 3877 1034 3958 genti
1058 3895 1136 3941 suaa
1157 3877 1235 3940 Lae·

124 3999 275 4064 vinorum
312 4002 456 4065 alienam
491 4003 663 4085 originem.
701 4003 827 4066 Similis
857 4022 954 4066 causa
985 4004 1141 4067 Messalae
1163 4004 1233 4066 seni

122 4128 280 4209 expressit
303 4128 475 4190 volumina
499 4128 566 4203 illa,
591 4148 676 4210 quae
700 4130 739 4192 de
761 4129 897 4191 familiis
914 4129 1091 4206 condidit'’,
1112 4129 1232 4194 etSue-

124 4254 232 4316 tonius
266 4254 353 4317 inter
387 4254 494 4317 multa
529 4254 597 4317 alia
629 4254 724 4338 hujus
754 4256 881 4336 generis
912 4256 1042 4333 scribat,
1068 4252 1231 4334 Vltellius‚

123 4375 183 4459 Cp.
210 4379 244 4439 l:
270 4379 413 4455 „Exstat
436 4377 476 4460 Q.
501 4380 631 4463 Eulogii
654 4381 695 4443 ad
718 4378 756 4460 Q.
781 4377 965 4459 Vitellium,
990 4383 1067 4446 Divi
1093 4381 1231 4466 Augusti
