2956 5040
756 401 819 464 122

269 611 397 674 Suntne
431 614 544 674 autam
578 611 639 674 hae
663 610 795 675 fabulae
821 617 852 674 et
877 610 916 673 de
941 611 1065 674 tabulis
1088 612 1291 692 consumptis
1312 615 1346 674 et

225 736 265 798 de
298 734 403 798 scrofa
436 753 513 798 cum
545 735 681 817 triginta
716 735 869 817 porcellis
903 735 946 798 ab
978 735 1107 818 origine
1129 733 1348 799 domesticas?

226 858 292 920 Vix
314 859 420 923 credo.
445 856 658 940 Quamquam
681 864 759 923 sunt
783 860 845 922 viri
870 860 956 923 docti
980 859 1038 941 qui
1063 866 1170 925 totum
1200 862 1262 924 hoc
1283 880 1349 925 car·

225 1002 302 1047 men
325 984 533 1067 Lycophroni
556 985 717 1065 abrogent
740 984 864 1066 aliique
889 985 947 1048 hos
971 986 1012 1048 ad
1037 983 1171 1047 Italiam
1199 990 1348 1067 spectan-

225 1114 273 1172 tes
306 1108 393 1172 locos
429 1115 465 1171 ut
494 1109 621 1191 spurios
643 1109 807 1192 rejiciant,
833 1115 971 1192 utraque
997 1116 1108 1174 tamen
1134 1109 1348 1174 Alexandrae

224 1234 337 1297 sabula
358 1235 541 1300 remotioris
561 1233 770 1317 antiquitatis
790 1235 931 1317 vestigia
951 1253 1161 1316 magnacum
1175 1235 1348 1298 evidentia

225 1357 320 1420 nobis
342 1357 513 1439 praebent.

269 1481 341 1544 Etsi
373 1481 501 1545 lubrica
532 1501 583 1545 res
608 1482 692 1543 mitri
717 1482 849 1545 videtur
874 1483 1044 1545 historiam
1068 1483 1210 1546 scribare
1235 1501 1349 1545 secun·

226 1606 307 1668 dum
345 1607 433 1689 leges
467 1607 502 1668 in
536 1606 684 1669 nonullis
719 1606 816 1670 rebus
851 1612 993 1688 repertas
1023 1613 1055 1669 et
1083 1607 1201 1670 deinde
1229 1608 1346 1669 harum

225 1730 335 1813 legum
362 1730 505 1793 vinculis
528 1730 642 1794 omnia
661 1731 900 1812 constringere,
921 1732 1033 1813 quivis
1057 1738 1167 1794 tamen
1192 1733 1347 1795 concedet

223 1857 363 1918 formam
412 1855 548 1919 fabulae
590 1856 736 1918 rnaxirne
770 1857 867 1919 rebus
902 1855 1092 1938 adaptatam
1128 1857 1345 1920 novissimam

225 1980 410 2044 habendam
447 1997 525 2042 esse.
562 1977 655 2043 Hanc
686 1978 729 2042 ob
760 1998 892 2042 causam
918 1978 935 2050 ἡ
960 1976 1078 2050 κελαινὴ
1101 1981 1153 2050 σῦς
1178 1981 1347 2061 antiquior

223 2123 322 2186 quam
352 2105 430 2167 alba
453 2110 511 2166 est.
535 2101 622 2165 Nam
646 2104 841 2185 Lycophron
872 2104 898 2165 si
922 2103 957 2165 in
983 2103 1095 2166 sabula
1116 2123 1209 2166 suem
1232 2104 1343 2167 albam

224 2233 382 2310 tanquam
421 2228 527 2291 Albae
560 2229 693 2310 Longae
724 2227 886 2291 indicium
912 2227 1101 2303 invenisset,
1124 2246 1166 2290 ne
1190 2227 1286 2289 illam
1310 2228 1346 2289 in

224 2353 352 2435 nigram
380 2359 524 2417 mutaret
547 2354 698 2417 cavisset.
723 2352 773 2415 Ad
798 2354 881 2415 hanc
910 2353 1129 2415 mutationem
1152 2354 1346 2434 posteriores

224 2484 448 2559 pervenerunt
481 2477 588 2541 studio
623 2478 710 2540 ducti
743 2482 779 2540 nt
811 2476 915 2539 Albae
945 2477 1077 2558 Longae
1100 2494 1220 2540 nornen
1248 2477 1345 2558 origi·

223 2620 365 2684 nemque
388 2603 603 2684 explicarent.
630 2603 678 2666 De
701 2603 840 2685 triginta
864 2603 1081 2686 porcellorum
1102 2591 1346 2684 significatione

221 2728 310 2791 idem
337 2727 441 2808 valet.

266 2853 302 2915 Si
325 2852 521 2934 Lycophron
548 2853 635 2916 hunc
658 2871 835 2915 numarmn
859 2851 900 2914 ιιι
928 2870 1032 2915 annos
1055 2856 1200 2934 spectare
1224 2869 1345 2932 cogno·

223 2976 331 3055 visset,
366 2976 461 3039 nulla
495 2995 593 3040 causa
627 2976 772 3039 fabulam
807 2974 959 3038 mutandi
995 2976 1025 3038 ei
1050 2975 1172 3037 fuisset.
1195 2972 1346 3037 Naevius

221 3099 301 3183 ipse,
324 3099 383 3180 qui
411 3097 557 3162 Aeneam
583 3118 685 3162 avum
710 3098 847 3163 Romuli
871 3098 1053 3162 conditoris
1079 3095 1169 3160 urbis
1191 3097 1287 3175 dixit,
1313 3095 1347 3159 id

221 3223 310 3305 quod
331 3224 460 3286 Ennius
482 3242 611 3305 quoque
634 3221 720 3299 lecit,
745 3229 932 3304 temporum
958 3223 1106 3287 ordinem
1122 3221 1345 3284 noncnravit.

221 3344 333 3426 Quum
357 3353 469 3410 autem
495 3348 688 3429 posteriores
713 3348 851 3430 triginta
873 3332 962 3410 arces
986 3348 1022 3408 in
1045 3347 1140 3410 Latio
1162 3366 1228 3409 non
1254 3364 1346 3427 repe-

220 3471 286 3535 rire
323 3477 456 3554 possent
488 3472 777 3553 intelligerentqne
813 3472 977 3554 temporis
1009 3471 1154 3553 spatium
1187 3491 1208 3532 a
1243 3470 1346 3551 Troja

186 3654 188 3659 .
220 3595 328 3658 delata
365 3615 467 3678 usqne
497 3596 539 3659 ad
569 3595 713 3659 Romam
747 3595 913 3659 conditam
939 3596 1184 3678 quodammodo
1208 3594 1347 3676 explen-

219 3718 399 3797 dumosae,
424 3721 642 3801 porcellorum
666 3740 843 3784 numerum
869 3721 911 3782 ad
936 3739 1040 3784 annos
1063 3719 1262 3782 retulerunt.
1284 3720 1345 3781 Fa·

221 3842 351 3906 biorum
376 3843 443 3920 ille,
467 3845 526 3926 qui
551 3845 701 3907 narravit
720 3845 881 3920 Aeneam,
898 3843 967 3928 jam
990 3843 1097 3907 locum
1122 3842 1344 3919 munientem,

219 3966 347 4031 somnio
367 3969 575 4032 admonitum
597 3975 633 4031 ut
649 3988 827 4032 numerum
841 3969 978 4051 triginta
991 3988 1057 4032 non
1070 3968 1112 4030 ad
1126 3985 1217 4030 arces
1231 3967 1290 4029 sed
1302 3967 1345 4029 ad

218 4111 323 4156 annos
346 4092 490 4168 referret,
516 4094 612 4176 hujus
635 4093 889 4174 significationis
917 4098 1063 4155 mutatae
1087 4097 1182 4152 notas
1207 4090 1345 4172 prodere

220 4217 304 4278 mihi
338 4217 479 4281 videtur.
515 4215 652 4280 Constat
680 4218 784 4299 igitur
816 4219 946 4280 fabulas
981 4236 1015 4279 se
1041 4218 1144 4298 magis
1172 4217 1342 4297 magisque

218 4340 447 4405 Romanorum
473 4342 726 4406 narrationibus
750 4343 1023 4406 accommodasse.
1049 4340 1110 4404 Sed
1134 4340 1230 4422 plura
1251 4346 1345 4403 sunt.
