<?xml version="1.0" encoding="UTF-8"?>
<!DOCTYPE html PUBLIC "-//W3C//DTD XHTML 1.0 Transitional//EN"
    "http://www.w3.org/TR/xhtml1/DTD/xhtml1-transitional.dtd">
<html xmlns="http://www.w3.org/1999/xhtml" xml:lang="en" lang="en">
 <head>
  <title>
</title>
<meta http-equiv="Content-Type" content="text/html;charset=utf-8" />
  <meta name='ocr-system' content='tesseract 3.04.00' />
  <meta name='ocr-capabilities' content='ocr_page ocr_carea ocr_par ocr_line ocrx_word'/>
</head>
<body>
  <div class='ocr_page' id='page_1' title='image "./quaestionesdefa00kindgoog_0148.png"; bbox 0 0 2956 5040; ppageno 0'>
   <div class='ocr_carea' id='block_1_1' title="bbox 138 1343 1254 2311">
    <p class='ocr_par' dir='ltr' id='par_1_1' title="bbox 138 1343 1254 2311">
     <span class='ocr_line' id='line_1_1' title="bbox 182 1343 1253 1423; baseline 0.002 -16"><span class='ocrx_word' id='word_1_1' title='bbox 182 1343 318 1422; x_wconf 89' lang='lat' dir='ltr'><strong>Umbro,</strong></span> <span class='ocrx_word' id='word_1_2' title='bbox 345 1363 467 1409; x_wconf 92' lang='lat' dir='ltr'><strong>nomen</strong></span> <span class='ocrx_word' id='word_1_3' title='bbox 492 1347 645 1412; x_wconf 80' lang='lat' dir='ltr'>Etruriae</span> <span class='ocrx_word' id='word_1_4' title='bbox 666 1345 820 1423; x_wconf 86' lang='lat' dir='ltr'><strong>fluminis,</strong></span> <span class='ocrx_word' id='word_1_5' title='bbox 844 1345 898 1409; x_wconf 90' lang='lat' dir='ltr'><strong>hic</strong></span> <span class='ocrx_word' id='word_1_6' title='bbox 923 1347 1008 1409; x_wconf 92' lang='lat' dir='ltr'><strong>mira</strong></span> <span class='ocrx_word' id='word_1_7' title='bbox 1026 1363 1103 1409; x_wconf 93' lang='lat' dir='ltr'><strong>cum</strong></span> <span class='ocrx_word' id='word_1_8' title='bbox 1117 1345 1253 1409; x_wconf 92' lang='lat' dir='ltr'><strong>licentia</strong></span> 
     </span>
     <span class='ocr_line' id='line_1_2' title="bbox 138 1470 1253 1554; baseline 0.001 -19"><span class='ocrx_word' id='word_1_9' title='bbox 138 1470 214 1535; x_wconf 91' lang='lat' dir='ltr'><strong>duci</strong></span> <span class='ocrx_word' id='word_1_10' title='bbox 245 1471 470 1554; x_wconf 76' lang='lat' dir='ltr'><strong>sacerdotique</strong></span> <span class='ocrx_word' id='word_1_11' title='bbox 501 1473 746 1538; x_wconf 86' lang='lat' dir='ltr'><strong>Marruviorurn</strong></span> <span class='ocrx_word' id='word_1_12' title='bbox 779 1473 893 1536; x_wconf 90' lang='lat' dir='ltr'><strong>datum</strong></span> <span class='ocrx_word' id='word_1_13' title='bbox 919 1477 976 1537; x_wconf 90' lang='lat' dir='ltr'><strong>est.</strong></span> <span class='ocrx_word' id='word_1_14' title='bbox 1000 1473 1116 1536; x_wconf 89' lang='lat' dir='ltr'><strong>Missus</strong></span> <span class='ocrx_word' id='word_1_15' title='bbox 1139 1478 1253 1536; x_wconf 88' lang='lat' dir='ltr'><strong>erata</strong></span> 
     </span>
     <span class='ocr_line' id='line_1_3' title="bbox 139 1571 1254 1681; baseline -0.002 -20"><span class='ocrx_word' id='word_1_16' title='bbox 139 1615 215 1680; x_wconf 91' lang='lat' dir='ltr'><strong>rege</strong></span> <span class='ocrx_word' id='word_1_17' title='bbox 247 1596 424 1679; x_wconf 81' lang='lat' dir='ltr'><strong>Archippo,</strong></span> <span class='ocrx_word' id='word_1_18' title='bbox 455 1599 541 1680; x_wconf 88' lang='lat' dir='ltr'><strong>quod</strong></span> <span class='ocrx_word' id='word_1_19' title='bbox 569 1617 689 1662; x_wconf 91' lang='lat' dir='ltr'><strong>nomen</strong></span> <span class='ocrx_word' id='word_1_20' title='bbox 712 1571 844 1681; x_wconf 83' lang='lat' dir='ltr'><strong>quoque</strong></span> <span class='ocrx_word' id='word_1_21' title='bbox 867 1596 1060 1660; x_wconf 86' lang='lat' dir='ltr'>invenimus</span> <span class='ocrx_word' id='word_1_22' title='bbox 1082 1596 1118 1658; x_wconf 93' lang='lat' dir='ltr'><strong>in</strong></span> <span class='ocrx_word' id='word_1_23' title='bbox 1141 1595 1254 1659; x_wconf 81' lang='lat' dir='ltr'><strong>fabula</strong></span> 
     </span>
     <span class='ocr_line' id='line_1_4' title="bbox 142 1721 1251 1802; baseline 0.004 -18"><span class='ocrx_word' id='word_1_24' title='bbox 142 1741 162 1784; x_wconf 92' lang='lat' dir='ltr'><strong>a</strong></span> <span class='ocrx_word' id='word_1_25' title='bbox 183 1722 294 1785; x_wconf 94' lang='lat' dir='ltr'><strong>Plinio</strong></span> <span class='ocrx_word' id='word_1_26' title='bbox 316 1727 453 1800; x_wconf 87' lang='lat' dir='ltr'><strong>servata,</strong></span> <span class='ocrx_word' id='word_1_27' title='bbox 477 1721 564 1788; x_wconf 70' lang='lat' dir='ltr'><strong>Nm.</strong></span> <span class='ocrx_word' id='word_1_28' title='bbox 587 1721 651 1802; x_wconf 91' lang='lat' dir='ltr'><strong>III,</strong></span> <span class='ocrx_word' id='word_1_29' title='bbox 674 1724 753 1786; x_wconf 80' lang='lat'>108:</span> <span class='ocrx_word' id='word_1_30' title='bbox 775 1721 976 1800; x_wconf 85' lang='lat' dir='ltr'><strong>„Gellianus</strong></span> <span class='ocrx_word' id='word_1_31' title='bbox 994 1726 1106 1786; x_wconf 89' lang='lat' dir='ltr'><strong>auctor</strong></span> <span class='ocrx_word' id='word_1_32' title='bbox 1118 1727 1165 1786; x_wconf 87' lang='lat' dir='ltr'><strong>est</strong></span> <span class='ocrx_word' id='word_1_33' title='bbox 1177 1721 1251 1787; x_wconf 90' lang='lat' dir='ltr'><strong>lacu</strong></span> 
     </span>
     <span class='ocr_line' id='line_1_5' title="bbox 143 1848 1251 1934; baseline 0 -23"><span class='ocrx_word' id='word_1_34' title='bbox 143 1849 269 1914; x_wconf 79' lang='lat' dir='ltr'>Fucino</span> <span class='ocrx_word' id='word_1_35' title='bbox 304 1851 458 1914; x_wconf 90' lang='lat' dir='ltr'><strong>haustum</strong></span> <span class='ocrx_word' id='word_1_36' title='bbox 489 1851 669 1915; x_wconf 81' lang='lat' dir='ltr'>Marsorum</span> <span class='ocrx_word' id='word_1_37' title='bbox 704 1849 865 1934; x_wconf 83' lang='lat' dir='ltr'><strong>Archippe</strong></span> <span class='ocrx_word' id='word_1_38' title='bbox 890 1849 1058 1932; x_wconf 89' lang='lat' dir='ltr'><strong>oppidum,</strong></span> <span class='ocrx_word' id='word_1_39' title='bbox 1082 1848 1251 1912; x_wconf 89' lang='lat' dir='ltr'><strong>conditum</strong></span> 
     </span>
     <span class='ocr_line' id='line_1_6' title="bbox 142 1974 1254 2059; baseline 0 -21"><span class='ocrx_word' id='word_1_40' title='bbox 142 1995 161 2038; x_wconf 89' lang='lat' dir='ltr'><strong>a</strong></span> <span class='ocrx_word' id='word_1_41' title='bbox 191 1975 324 2057; x_wconf 79' lang='lat' dir='ltr'><strong>Marsya</strong></span> <span class='ocrx_word' id='word_1_42' title='bbox 354 1977 436 2041; x_wconf 90' lang='lat' dir='ltr'><strong>duce</strong></span> <span class='ocrx_word' id='word_1_43' title='bbox 466 1974 667 2059; x_wconf 79' lang='lat' dir='ltr'><strong>Lydorum.&#39;’</strong></span> <span class='ocrx_word' id='word_1_44' title='bbox 695 1978 736 2039; x_wconf 86' lang='lat' dir='ltr'><strong>Ei</strong></span> <span class='ocrx_word' id='word_1_45' title='bbox 759 1979 953 2059; x_wconf 84' lang='lat' dir='ltr'><strong>potestatem</strong></span> <span class='ocrx_word' id='word_1_46' title='bbox 978 1993 1104 2040; x_wconf 91' lang='lat' dir='ltr'><strong>morsus</strong></span> <span class='ocrx_word' id='word_1_47' title='bbox 1125 1993 1254 2057; x_wconf 88' lang='lat' dir='ltr'><strong>serpen-</strong></span> 
     </span>
     <span class='ocr_line' id='line_1_7' title="bbox 144 2101 1254 2185; baseline 0.003 -22"><span class='ocrx_word' id='word_1_48' title='bbox 144 2101 226 2164; x_wconf 84' lang='lat' dir='ltr'><strong>tium</strong></span> <span class='ocrx_word' id='word_1_49' title='bbox 251 2103 388 2166; x_wconf 85' lang='lat' dir='ltr'><strong>sanandi</strong></span> <span class='ocrx_word' id='word_1_50' title='bbox 412 2121 594 2185; x_wconf 88' lang='lat' dir='ltr'><strong>eorumque</strong></span> <span class='ocrx_word' id='word_1_51' title='bbox 612 2105 681 2167; x_wconf 89' lang='lat' dir='ltr'><strong>irae</strong></span> <span class='ocrx_word' id='word_1_52' title='bbox 694 2102 854 2166; x_wconf 87' lang='lat' dir='ltr'><strong>sedandae</strong></span> <span class='ocrx_word' id='word_1_53' title='bbox 866 2102 1028 2181; x_wconf 90' lang='lat' dir='ltr'><strong>attribuit,</strong></span> <span class='ocrx_word' id='word_1_54' title='bbox 1041 2120 1127 2184; x_wconf 91' lang='lat' dir='ltr'><strong>quae</strong></span> <span class='ocrx_word' id='word_1_55' title='bbox 1138 2102 1254 2166; x_wconf 80' lang='lat' dir='ltr'><strong>Marsis</strong></span> 
     </span>
     <span class='ocr_line' id='line_1_8' title="bbox 144 2223 1254 2311; baseline -0.001 -21"><span class='ocrx_word' id='word_1_56' title='bbox 144 2227 298 2290; x_wconf 89' lang='lat' dir='ltr'><strong>omnibus</strong></span> <span class='ocrx_word' id='word_1_57' title='bbox 331 2229 463 2311; x_wconf 90' lang='lat' dir='ltr'><strong>propria</strong></span> <span class='ocrx_word' id='word_1_58' title='bbox 497 2233 567 2292; x_wconf 88' lang='lat' dir='ltr'><strong>erat</strong></span> <span class='ocrx_word' id='word_1_59' title='bbox 597 2230 635 2293; x_wconf 88' lang='lat' dir='ltr'><strong>cf.</strong></span> <span class='ocrx_word' id='word_1_60' title='bbox 665 2228 754 2293; x_wconf 89' lang='lat' dir='ltr'><strong>Plin.</strong></span> <span class='ocrx_word' id='word_1_61' title='bbox 778 2225 863 2290; x_wconf 76' lang='grc' dir='ltr'><strong>ΝΗ.</strong></span> <span class='ocrx_word' id='word_1_62' title='bbox 888 2223 990 2305; x_wconf 89' lang='lat' dir='ltr'>XXV,</span> <span class='ocrx_word' id='word_1_63' title='bbox 1016 2226 1074 2303; x_wconf 75' lang='lat'><strong>113</strong></span> <span class='ocrx_word' id='word_1_64' title='bbox 1097 2225 1254 2304; x_wconf 87' lang='lat' dir='ltr'>XXVIII,</span> 
     </span>
    </p>
   </div>
   <div class='ocr_carea' id='block_1_2' title="bbox 145 2352 1254 2437">
    <p class='ocr_par' dir='ltr' id='par_1_2' title="bbox 145 2352 1254 2437">
     <span class='ocr_line' id='line_1_9' title="bbox 145 2352 1254 2437; baseline 0.003 -23"><span class='ocrx_word' id='word_1_65' title='bbox 145 2353 192 2431; x_wconf 88' lang='lat'><strong>19,</strong></span> <span class='ocrx_word' id='word_1_66' title='bbox 218 2352 270 2418; x_wconf 86' lang='lat'><strong>30.</strong></span> <span class='ocrx_word' id='word_1_67' title='bbox 294 2354 343 2419; x_wconf 91' lang='lat' dir='ltr'><strong>De</strong></span> <span class='ocrx_word' id='word_1_68' title='bbox 372 2375 491 2437; x_wconf 84' lang='lat' dir='ltr'><strong>genere</strong></span> <span class='ocrx_word' id='word_1_69' title='bbox 521 2362 715 2421; x_wconf 79' lang='lat' dir='ltr'><strong>narraverat</strong></span> <span class='ocrx_word' id='word_1_70' title='bbox 745 2353 878 2419; x_wconf 90' lang='lat' dir='ltr'><strong>Caelius</strong></span> <span class='ocrx_word' id='word_1_71' title='bbox 899 2354 1085 2437; x_wconf 85' lang='lat' dir='ltr'><strong>Antipater,</strong></span> <span class='ocrx_word' id='word_1_72' title='bbox 1107 2353 1254 2437; x_wconf 83' lang='lat' dir='ltr'><strong>(Kranae,</strong></span> 
     </span>
    </p>
   </div>
   <div class='ocr_carea' id='block_1_3' title="bbox 118 2477 1377 2565">
    <p class='ocr_par' dir='ltr' id='par_1_3' title="bbox 118 2477 1377 2565">
     <span class='ocr_line' id='line_1_10' title="bbox 118 2477 1377 2565; baseline 0.003 -25"><span class='ocrx_word' id='word_1_73' title='bbox 118 2479 222 2562; x_wconf 68' lang='lat' dir='ltr'><strong>hag.</strong></span> <span class='ocrx_word' id='word_1_74' title='bbox 253 2499 307 2563; x_wconf 90' lang='lat' dir='ltr'><strong>pg.</strong></span> <span class='ocrx_word' id='word_1_75' title='bbox 340 2480 432 2565; x_wconf 78' lang='lat'>201):</span> <span class='ocrx_word' id='word_1_76' title='bbox 461 2480 623 2559; x_wconf 90' lang='lat' dir='ltr'><strong>„Caelius</strong></span> <span class='ocrx_word' id='word_1_77' title='bbox 646 2479 748 2547; x_wconf 86' lang='lat' dir='ltr'><strong>Oetae</strong></span> <span class='ocrx_word' id='word_1_78' title='bbox 771 2481 848 2544; x_wconf 88' lang='lat' dir='ltr'><strong>treis</strong></span> <span class='ocrx_word' id='word_1_79' title='bbox 870 2480 956 2543; x_wconf 90' lang='lat' dir='ltr'><strong>filias</strong></span> <span class='ocrx_word' id='word_1_80' title='bbox 980 2479 1163 2563; x_wconf 82' lang='lat' dir='ltr'><strong>Angitiam,</strong></span> <span class='ocrx_word' id='word_1_81' title='bbox 1188 2477 1255 2544; x_wconf 88' lang='lat' dir='ltr'><strong>Me·</strong></span> <span class='ocrx_word' id='word_1_82' title='bbox 1376 2484 1377 2489; x_wconf 76' lang='grc'>’</span> 
     </span>
    </p>
   </div>
   <div class='ocr_carea' id='block_1_4' title="bbox 143 2602 1255 3442">
    <p class='ocr_par' dir='ltr' id='par_1_4' title="bbox 143 2602 1255 3442">
     <span class='ocr_line' id='line_1_11' title="bbox 143 2602 1254 2672; baseline 0.001 -4"><span class='ocrx_word' id='word_1_83' title='bbox 143 2604 235 2669; x_wconf 87' lang='lat' dir='ltr'><strong>deam</strong></span> <span class='ocrx_word' id='word_1_84' title='bbox 261 2611 294 2669; x_wconf 89' lang='lat' dir='ltr'><strong>et</strong></span> <span class='ocrx_word' id='word_1_85' title='bbox 317 2602 431 2671; x_wconf 79' lang='lat' dir='ltr'><strong>Circen</strong></span> <span class='ocrx_word' id='word_1_86' title='bbox 456 2609 535 2672; x_wconf 90' lang='lat' dir='ltr'><strong>dicit</strong></span> <span class='ocrx_word' id='word_1_87' title='bbox 558 2609 666 2672; x_wconf 82' lang='lat' dir='ltr'><strong>fuisse.</strong></span> <span class='ocrx_word' id='word_1_88' title='bbox 687 2604 803 2671; x_wconf 80' lang='lat' dir='ltr'><strong>Circen</strong></span> <span class='ocrx_word' id='word_1_89' title='bbox 825 2603 974 2671; x_wconf 85' lang='lat' dir='ltr'><strong>Circaeos</strong></span> <span class='ocrx_word' id='word_1_90' title='bbox 994 2605 1149 2670; x_wconf 87' lang='lat' dir='ltr'><strong>insedisse</strong></span> <span class='ocrx_word' id='word_1_91' title='bbox 1161 2625 1254 2670; x_wconf 90' lang='lat' dir='ltr'><strong>mon·</strong></span> 
     </span>
     <span class='ocr_line' id='line_1_12' title="bbox 144 2732 1254 2816; baseline 0.002 -22"><span class='ocrx_word' id='word_1_92' title='bbox 144 2732 210 2811; x_wconf 92' lang='lat' dir='ltr'><strong>teis,</strong></span> <span class='ocrx_word' id='word_1_93' title='bbox 235 2735 422 2797; x_wconf 85' lang='lat' dir='ltr'><strong>carminum</strong></span> <span class='ocrx_word' id='word_1_94' title='bbox 448 2734 617 2799; x_wconf 89' lang='lat' dir='ltr'><strong>maleficiis</strong></span> <span class='ocrx_word' id='word_1_95' title='bbox 640 2734 749 2797; x_wconf 88' lang='lat' dir='ltr'><strong>varias</strong></span> <span class='ocrx_word' id='word_1_96' title='bbox 770 2733 957 2816; x_wconf 83' lang='lat' dir='ltr'><strong>imaginum</strong></span> <span class='ocrx_word' id='word_1_97' title='bbox 977 2732 1074 2797; x_wconf 81' lang='lat' dir='ltr'><strong>facies</strong></span> <span class='ocrx_word' id='word_1_98' title='bbox 1094 2733 1254 2796; x_wconf 85' lang='lat' dir='ltr'><strong>mentien-</strong></span> 
     </span>
     <span class='ocr_line' id='line_1_13' title="bbox 144 2855 1255 2941; baseline 0.002 -21"><span class='ocrx_word' id='word_1_99' title='bbox 144 2860 225 2934; x_wconf 79' lang='lat' dir='ltr'><strong>tem3</strong></span> <span class='ocrx_word' id='word_1_100' title='bbox 261 2855 433 2941; x_wconf 85' lang='lat' dir='ltr'><strong>Angitiam</strong></span> <span class='ocrx_word' id='word_1_101' title='bbox 470 2859 582 2923; x_wconf 87' lang='lat' dir='ltr'><strong>vicina</strong></span> <span class='ocrx_word' id='word_1_102' title='bbox 616 2859 742 2922; x_wconf 84' lang='lat' dir='ltr'><strong>Fucino</strong></span> <span class='ocrx_word' id='word_1_103' title='bbox 774 2876 956 2941; x_wconf 89' lang='lat' dir='ltr'><strong>occupasse,</strong></span> <span class='ocrx_word' id='word_1_104' title='bbox 988 2858 1102 2940; x_wconf 89' lang='lat' dir='ltr'><strong>ibique</strong></span> <span class='ocrx_word' id='word_1_105' title='bbox 1128 2858 1255 2922; x_wconf 89' lang='lat' dir='ltr'><strong>salubri</strong></span> 
     </span>
     <span class='ocr_line' id='line_1_14' title="bbox 144 2983 1253 3062; baseline 0.001 -16"><span class='ocrx_word' id='word_1_106' title='bbox 144 2983 279 3046; x_wconf 84' lang='lat' dir='ltr'><strong>scientia</strong></span> <span class='ocrx_word' id='word_1_107' title='bbox 307 2984 462 3048; x_wconf 85' lang='lat' dir='ltr'><strong>adversus</strong></span> <span class='ocrx_word' id='word_1_108' title='bbox 494 2985 622 3049; x_wconf 89' lang='lat' dir='ltr'><strong>morbos</strong></span> <span class='ocrx_word' id='word_1_109' title='bbox 652 2985 870 3062; x_wconf 87' lang='lat' dir='ltr'><strong>resistentem,</strong></span> <span class='ocrx_word' id='word_1_110' title='bbox 893 3002 969 3046; x_wconf 89' lang='lat' dir='ltr'><strong>curn</strong></span> <span class='ocrx_word' id='word_1_111' title='bbox 993 2984 1126 3048; x_wconf 84' lang='lat' dir='ltr'><strong>desisset</strong></span> <span class='ocrx_word' id='word_1_112' title='bbox 1149 2985 1253 3047; x_wconf 90' lang='lat' dir='ltr'><strong>horni-</strong></span> 
     </span>
     <span class='ocr_line' id='line_1_15' title="bbox 144 3085 1255 3187; baseline 0.005 -19"><span class='ocrx_word' id='word_1_113' title='bbox 144 3126 216 3170; x_wconf 91' lang='lat' dir='ltr'><strong>nem</strong></span> <span class='ocrx_word' id='word_1_114' title='bbox 253 3109 375 3187; x_wconf 86' lang='lat' dir='ltr'><strong>vivere,</strong></span> <span class='ocrx_word' id='word_1_115' title='bbox 399 3111 494 3173; x_wconf 91' lang='lat' dir='ltr'><strong>deam</strong></span> <span class='ocrx_word' id='word_1_116' title='bbox 527 3110 696 3173; x_wconf 88' lang='lat' dir='ltr'><strong>habitam:</strong></span> <span class='ocrx_word' id='word_1_117' title='bbox 721 3108 869 3172; x_wconf 91' lang='lat' dir='ltr'><strong>Medeam</strong></span> <span class='ocrx_word' id='word_1_118' title='bbox 893 3109 936 3172; x_wconf 90' lang='lat' dir='ltr'><strong>ab</strong></span> <span class='ocrx_word' id='word_1_119' title='bbox 958 3085 1080 3173; x_wconf 78' lang='lat' dir='ltr'><strong>Jasons</strong></span> <span class='ocrx_word' id='word_1_120' title='bbox 1099 3110 1255 3174; x_wconf 84' lang='lat' dir='ltr'><strong>Buthroti</strong></span> 
     </span>
     <span class='ocr_line' id='line_1_16' title="bbox 144 3232 1255 3320; baseline 0.003 -24"><span class='ocrx_word' id='word_1_121' title='bbox 144 3234 316 3316; x_wconf 87' lang='lat' dir='ltr'><strong>sepultam,</strong></span> <span class='ocrx_word' id='word_1_122' title='bbox 348 3235 522 3318; x_wconf 89' lang='lat' dir='ltr'><strong>filiumque</strong></span> <span class='ocrx_word' id='word_1_123' title='bbox 553 3237 622 3318; x_wconf 90' lang='lat' dir='ltr'><strong>ejus</strong></span> <span class='ocrx_word' id='word_1_124' title='bbox 652 3235 768 3298; x_wconf 89' lang='lat' dir='ltr'><strong>Marsis</strong></span> <span class='ocrx_word' id='word_1_125' title='bbox 798 3232 1005 3318; x_wconf 86' lang='lat' dir='ltr'><strong>imperasse.&#39;&#39;</strong></span> <span class='ocrx_word' id='word_1_126' title='bbox 1029 3235 1063 3298; x_wconf 87' lang='lat' dir='ltr'><strong>Si</strong></span> <span class='ocrx_word' id='word_1_127' title='bbox 1082 3237 1152 3320; x_wconf 88' lang='lat' dir='ltr'><strong>jam</strong></span> <span class='ocrx_word' id='word_1_128' title='bbox 1178 3236 1255 3318; x_wconf 89' lang='lat' dir='ltr'><strong>legi·</strong></span> 
     </span>
     <span class='ocr_line' id='line_1_17' title="bbox 146 3357 1255 3442; baseline 0.004 -20"><span class='ocrx_word' id='word_1_129' title='bbox 146 3378 216 3423; x_wconf 91' lang='lat' dir='ltr'><strong>mus</strong></span> <span class='ocrx_word' id='word_1_130' title='bbox 250 3379 334 3442; x_wconf 88' lang='lat' dir='ltr'><strong>quae</strong></span> <span class='ocrx_word' id='word_1_131' title='bbox 366 3360 493 3442; x_wconf 89' lang='lat' dir='ltr'><strong>scripsit</strong></span> <span class='ocrx_word' id='word_1_132' title='bbox 528 3361 662 3425; x_wconf 89' lang='lat' dir='ltr'><strong>Servius</strong></span> <span class='ocrx_word' id='word_1_133' title='bbox 695 3361 738 3423; x_wconf 89' lang='lat' dir='ltr'><strong>ad</strong></span> <span class='ocrx_word' id='word_1_134' title='bbox 771 3360 855 3424; x_wconf 89' lang='lat' dir='ltr'><strong>Aen.</strong></span> <span class='ocrx_word' id='word_1_135' title='bbox 887 3357 963 3438; x_wconf 87' lang='lat' dir='ltr'><strong>VII,</strong></span> <span class='ocrx_word' id='word_1_136' title='bbox 997 3362 1074 3424; x_wconf 76' lang='lat' dir='ltr'><strong>rto:</strong></span> <span class='ocrx_word' id='word_1_137' title='bbox 1110 3362 1255 3439; x_wconf 86' lang='lat' dir='ltr'><strong>„Medea</strong></span> 
     </span>
    </p>
   </div>
   <div class='ocr_carea' id='block_1_5' title="bbox 146 3484 1382 3566">
    <p class='ocr_par' dir='ltr' id='par_1_5' title="bbox 146 3484 1382 3566">
     <span class='ocr_line' id='line_1_18' title="bbox 146 3484 1382 3566; baseline 0.003 -19"><span class='ocrx_word' id='word_1_138' title='bbox 146 3485 273 3566; x_wconf 92' lang='lat' dir='ltr'><strong>quando</strong></span> <span class='ocrx_word' id='word_1_139' title='bbox 296 3484 418 3551; x_wconf 89' lang='lat' dir='ltr'><strong>relictis</strong></span> <span class='ocrx_word' id='word_1_140' title='bbox 442 3485 572 3551; x_wconf 86' lang='lat' dir='ltr'><strong>Colchis</strong></span> <span class='ocrx_word' id='word_1_141' title='bbox 593 3487 748 3550; x_wconf 79' lang='lat' dir='ltr'><strong>Iasonem</strong></span> <span class='ocrx_word' id='word_1_142' title='bbox 772 3491 883 3552; x_wconf 88' lang='lat' dir='ltr'><strong>secuta</strong></span> <span class='ocrx_word' id='word_1_143' title='bbox 907 3492 963 3565; x_wconf 90' lang='lat' dir='ltr'><strong>est,</strong></span> <span class='ocrx_word' id='word_1_144' title='bbox 987 3488 1109 3551; x_wconf 89' lang='lat' dir='ltr'><strong>dicitur</strong></span> <span class='ocrx_word' id='word_1_145' title='bbox 1132 3488 1173 3551; x_wconf 95' lang='lat' dir='ltr'><strong>ad</strong></span> <span class='ocrx_word' id='word_1_146' title='bbox 1192 3489 1256 3551; x_wconf 90' lang='lat' dir='ltr'><strong>Ita·</strong></span> <span class='ocrx_word' id='word_1_147' title='bbox 1380 3546 1382 3551; x_wconf 76' lang='grc'><strong><em>,</em></strong></span> 
     </span>
    </p>
   </div>
   <div class='ocr_carea' id='block_1_6' title="bbox 145 3608 1253 3694">
    <p class='ocr_par' dir='ltr' id='par_1_6' title="bbox 145 3608 1253 3694">
     <span class='ocr_line' id='line_1_19' title="bbox 145 3608 1253 3694; baseline 0.004 -23"><span class='ocrx_word' id='word_1_148' title='bbox 145 3608 223 3673; x_wconf 90' lang='lat' dir='ltr'><strong>liam</strong></span> <span class='ocrx_word' id='word_1_149' title='bbox 267 3611 453 3692; x_wconf 89' lang='lat' dir='ltr'><strong>pervenisse</strong></span> <span class='ocrx_word' id='word_1_150' title='bbox 461 3636 470 3688; x_wconf 90' lang='lat'>;</span> <span class='ocrx_word' id='word_1_151' title='bbox 513 3615 546 3674; x_wconf 90' lang='lat' dir='ltr'><strong>et</strong></span> <span class='ocrx_word' id='word_1_152' title='bbox 586 3611 727 3694; x_wconf 94' lang='lat' dir='ltr'><strong>populos</strong></span> <span class='ocrx_word' id='word_1_153' title='bbox 766 3611 934 3694; x_wconf 91' lang='lat' dir='ltr'><strong>quosdam,</strong></span> <span class='ocrx_word' id='word_1_154' title='bbox 970 3613 1056 3677; x_wconf 88' lang='lat' dir='ltr'><strong>eirca</strong></span> <span class='ocrx_word' id='word_1_155' title='bbox 1088 3610 1253 3677; x_wconf 83' lang='lat' dir='ltr'><strong>Fucinum</strong></span> 
     </span>
    </p>
   </div>
   <div class='ocr_carea' id='block_1_7' title="bbox 146 3727 1255 3822">
    <p class='ocr_par' dir='ltr' id='par_1_7' title="bbox 146 3727 1255 3822">
     <span class='ocr_line' id='line_1_20' title="bbox 146 3727 1255 3822; baseline 0.005 -24"><span class='ocrx_word' id='word_1_156' title='bbox 146 3737 313 3820; x_wconf 89' lang='lat' dir='ltr'><strong>ingentem</strong></span> <span class='ocrx_word' id='word_1_157' title='bbox 348 3737 459 3800; x_wconf 87' lang='lat' dir='ltr'><strong>lacum</strong></span> <span class='ocrx_word' id='word_1_158' title='bbox 492 3737 685 3815; x_wconf 89' lang='lat' dir='ltr'><strong>habitantes,</strong></span> <span class='ocrx_word' id='word_1_159' title='bbox 717 3739 775 3821; x_wconf 92' lang='lat' dir='ltr'><strong>qui</strong></span> <span class='ocrx_word' id='word_1_160' title='bbox 806 3738 969 3803; x_wconf 91' lang='lat' dir='ltr'><strong>Marrubii</strong></span> <span class='ocrx_word' id='word_1_161' title='bbox 992 3727 1255 3822; x_wconf 87' lang='lat' dir='ltr'><strong>appellabantur,</strong></span> 
     </span>
    </p>
   </div>
   <div class='ocr_carea' id='block_1_8' title="bbox 147 3863 1256 4452">
    <p class='ocr_par' dir='ltr' id='par_1_8' title="bbox 147 3863 1256 4452">
     <span class='ocr_line' id='line_1_21' title="bbox 147 3863 1256 3949; baseline 0.002 -23"><span class='ocrx_word' id='word_1_162' title='bbox 147 3865 237 3944; x_wconf 89' lang='lat' dir='ltr'><strong>quasi</strong></span> <span class='ocrx_word' id='word_1_163' title='bbox 258 3864 376 3942; x_wconf 90' lang='lat' dir='ltr'><strong>„circa</strong></span> <span class='ocrx_word' id='word_1_164' title='bbox 402 3883 492 3927; x_wconf 91' lang='lat' dir='ltr'><strong>mare</strong></span> <span class='ocrx_word' id='word_1_165' title='bbox 518 3863 732 3942; x_wconf 88' lang='lat' dir='ltr'><strong>habitantes&#39;&#39;,</strong></span> <span class='ocrx_word' id='word_1_166' title='bbox 756 3870 888 3947; x_wconf 90' lang='lat' dir='ltr'><strong>propter</strong></span> <span class='ocrx_word' id='word_1_167' title='bbox 909 3865 1037 3948; x_wconf 91' lang='lat' dir='ltr'><strong>paludis</strong></span> <span class='ocrx_word' id='word_1_168' title='bbox 1057 3866 1256 3949; x_wconf 87' lang='lat' dir='ltr'><strong>magnitudi-</strong></span> 
     </span>
     <span class='ocr_line' id='line_1_22' title="bbox 149 3989 1255 4074; baseline 0.005 -25"><span class='ocrx_word' id='word_1_169' title='bbox 149 4006 231 4067; x_wconf 91' lang='lat' dir='ltr'><strong>nem,</strong></span> <span class='ocrx_word' id='word_1_170' title='bbox 266 3990 378 4053; x_wconf 91' lang='lat' dir='ltr'><strong>docuit</strong></span> <span class='ocrx_word' id='word_1_171' title='bbox 412 3991 555 4054; x_wconf 89' lang='lat' dir='ltr'><strong>remedia</strong></span> <span class='ocrx_word' id='word_1_172' title='bbox 590 3996 703 4054; x_wconf 89' lang='lat' dir='ltr'><strong>contra</strong></span> <span class='ocrx_word' id='word_1_173' title='bbox 738 3995 912 4073; x_wconf 85' lang='lat' dir='ltr'><strong>serpentes.</strong></span> <span class='ocrx_word' id='word_1_174' title='bbox 949 3989 1160 4074; x_wconf 73' lang='lat' dir='ltr'><strong>Quamquam</strong></span> <span class='ocrx_word' id='word_1_175' title='bbox 1195 3992 1255 4055; x_wconf 88' lang='lat' dir='ltr'><strong>alii</strong></span> 
     </span>
     <span class='ocr_line' id='line_1_23' title="bbox 150 4112 1254 4200; baseline 0.005 -24"><span class='ocrx_word' id='word_1_176' title='bbox 150 4112 327 4180; x_wconf 90' lang='lat' dir='ltr'><strong>Marrubios</strong></span> <span class='ocrx_word' id='word_1_177' title='bbox 362 4135 383 4178; x_wconf 90' lang='lat' dir='ltr'><strong>a</strong></span> <span class='ocrx_word' id='word_1_178' title='bbox 416 4136 491 4198; x_wconf 89' lang='lat' dir='ltr'><strong>rege</strong></span> <span class='ocrx_word' id='word_1_179' title='bbox 522 4117 624 4180; x_wconf 90' lang='lat' dir='ltr'><strong>dictos</strong></span> <span class='ocrx_word' id='word_1_180' title='bbox 656 4116 769 4180; x_wconf 89' lang='lat' dir='ltr'><strong>velint.</strong></span> <span class='ocrx_word' id='word_1_181' title='bbox 801 4116 843 4180; x_wconf 93' lang='lat' dir='ltr'><strong>Hi</strong></span> <span class='ocrx_word' id='word_1_182' title='bbox 869 4136 945 4200; x_wconf 89' lang='lat' dir='ltr'><strong>ergo</strong></span> <span class='ocrx_word' id='word_1_183' title='bbox 969 4118 1082 4200; x_wconf 92' lang='lat' dir='ltr'><strong>populi</strong></span> <span class='ocrx_word' id='word_1_184' title='bbox 1106 4118 1254 4182; x_wconf 90' lang='lat' dir='ltr'><strong>Medeam</strong></span> 
     </span>
     <span class='ocr_line' id='line_1_24' title="bbox 150 4237 1255 4326; baseline 0.006 -25"><span class='ocrx_word' id='word_1_185' title='bbox 150 4237 317 4324; x_wconf 89' lang='lat' dir='ltr'><strong>Angitiam</strong></span> <span class='ocrx_word' id='word_1_186' title='bbox 349 4243 607 4306; x_wconf 88' lang='lat' dir='ltr'><strong>nominaverunt</strong></span> <span class='ocrx_word' id='word_1_187' title='bbox 630 4244 672 4307; x_wconf 92' lang='lat' dir='ltr'><strong>ab</strong></span> <span class='ocrx_word' id='word_1_188' title='bbox 703 4263 740 4307; x_wconf 90' lang='lat' dir='ltr'><strong>eo</strong></span> <span class='ocrx_word' id='word_1_189' title='bbox 765 4245 853 4326; x_wconf 93' lang='lat' dir='ltr'><strong>quod</strong></span> <span class='ocrx_word' id='word_1_190' title='bbox 876 4246 946 4326; x_wconf 88' lang='lat' dir='ltr'><strong>ejus</strong></span> <span class='ocrx_word' id='word_1_191' title='bbox 968 4245 1169 4308; x_wconf 90' lang='lat' dir='ltr'><strong>carminibus</strong></span> <span class='ocrx_word' id='word_1_192' title='bbox 1192 4263 1255 4308; x_wconf 89' lang='lat' dir='ltr'><strong>ser-</strong></span> 
     </span>
     <span class='ocr_line' id='line_1_25' title="bbox 148 4368 1256 4452; baseline 0.005 -23"><span class='ocrx_word' id='word_1_193' title='bbox 148 4373 256 4442; x_wconf 87' lang='lat' dir='ltr'><strong>pentes</strong></span> <span class='ocrx_word' id='word_1_194' title='bbox 289 4369 478 4451; x_wconf 86' lang='lat' dir='ltr'><strong>angerent&#39;’‚</strong></span> <span class='ocrx_word' id='word_1_195' title='bbox 500 4369 704 4452; x_wconf 73' lang='lat' dir='ltr'><strong>,exemplum</strong></span> <span class='ocrx_word' id='word_1_196' title='bbox 741 4368 873 4433; x_wconf 87' lang='lat' dir='ltr'><strong>fabulae</strong></span> <span class='ocrx_word' id='word_1_197' title='bbox 907 4369 1066 4433; x_wconf 89' lang='lat' dir='ltr'><strong>currendo</strong></span> <span class='ocrx_word' id='word_1_198' title='bbox 1097 4371 1256 4434; x_wconf 86' lang='lat' dir='ltr'><strong>mutantis</strong></span> 
     </span>
    </p>
   </div>
   <div class='ocr_carea' id='block_1_9' title="bbox 0 0 1491 5040">
    <p class='ocr_par' dir='ltr' id='par_1_9' title="bbox 0 0 1491 5040">
     <span class='ocr_line' id='line_1_26' title="bbox 0 0 1491 5040; baseline 0 0"><span class='ocrx_word' id='word_1_199' title='bbox 0 0 1491 5040; x_wconf 95' lang='lat' dir='ltr'><strong> </strong></span> 
     </span>
    </p>
   </div>
  </div>
 </body>
</html>
