2956 5040
696 61 757 125 loa

178 268 207 349 3,
234 271 293 333 10:
315 262 420 350 „aiom
442 268 474 333 δέ
496 291 577 341 τινας
601 267 775 348 λεγομένους
797 271 960 345 ἀναστῆναι
981 269 1030 334 ὑπ’
1047 272 1136 337 αὐτοῦ
1149 272 1291 356 (Ἀσκλη-

178 397 271 478 πιοῦ).
372 392 554 474 Ἱππόλυτον,
587 395 624 467 ὡς
655 393 731 458 drot
754 395 957 461 Ναυπακτικὰ
979 395 1158 478 συγγράψας
1181 397 1292 475 λέγει,”

177 523 283 587 cuivis
315 528 450 606 apparet
482 523 665 606 Vergilium
698 523 829 588 fabulae
857 524 956 588 initia
977 531 1092 608 parata
1115 526 1291 592 invenisse.

221 643 326 710 Nobis
347 646 535 729 legentibus
558 648 643 731 apud
666 646 836 727 Catonem,
858 650 929 714 Lib.
949 650 992 729 Il,
1007 652 1043 714 ir.
1059 652 1117 714 21:
1136 700 1155 729 „
1166 652 1291 716 Lucum

178 773 338 837 Dianium
370 774 406 837 in
436 794 568 839 nemore
602 776 736 841 Aricino
760 776 900 859 ligerius
924 777 1064 840 Laevius
1086 775 1291 841 Tusculanus

175 902 343 966 dedicavit
366 902 514 982 ⁴dictator
543 890 754 980 Latinus‚'bi
777 903 890 987 populi
915 904 1146 982 communiter,
1171 904 1293 967 Tuscu·

177 1028 285 1107 lanus,
329 1026 482 1091 Aricinus
505 1024 606 1110 sqq.,”
631 1001 791 1092 ⁴Dianam
826 1049 958 1094 causam
994 1029 1093 1094 fuisse
1128 1030 1223 1114 hujus
1256 1031 1293 1093 in

178 1152 308 1217 Ariciae
332 1153 444 1216 lucum
471 1153 674 1236 migrationis
697 1154 793 1218 facile
818 1158 919 1238 patet.
944 1155 991 1218 De
1014 1159 1161 1237 tempore
1181 1159 1292 1218 tamen

174 1298 243 1362 quo
276 1283 355 1345 haec
386 1280 500 1344 fabula
530 1281 566 1344 in
588 1277 722 1344 Italiam
749 1281 940 1363 migraverit
962 1281 1109 1364 quaestio
1133 1280 1296 1346 difficilior

180 1407 265 1469 mibi
289 1407 427 1470 videtur.

223 1529 295 1594 Viri
331 1532 419 1596 docti
452 1537 484 1596 et
518 1532 670 1597 dubitant
702 1536 734 1596 et
769 1532 856 1596 inter
889 1552 923 1597 se
958 1530 1164 1597 dissentiunt.
1198 1534 1296 1616 Apud

179 1659 296 1739 Hayne
332 1657 367 1720 in
403 1657 482 1720 Exc.
518 1658 547 1734 8,
579 1656 651 1721 Lib.
686 1654 762 1734 VII,
794 1657 950 1740 legimus:
982 1658 1051 1738 „In
1084 1658 1196 1722 eodem
1220 1659 1294 1742 (ie.

184 1783 324 1865 Ariciae)
354 1782 483 1846 Dianae
515 1782 637 1865 templo
662 1783 755 1846 heros
783 1783 937 1865 indigena
961 1779 1095 1847 Virbius
1118 1784 1296 1849 domestica

176 1908 337 1992 religione
368 1908 477 1971 cultus
507 1908 605 1970 luisse
637 1908 720 1970 mibi
752 1907 893 1985 videtur,
916 1927 1016 1991 quem
1040 1925 1077 1971 ex
1104 1908 1216 1991 aliqua
1237 1927 1295 1972 seu

181 2036 305 2100 formae
337 2039 371 2100 et
401 2035 639 2099 attributorum
672 2054 729 2100 seu
756 2032 838 2098 forte
861 2034 1050 2098 fabularum
1076 2035 1296 2099 similitudine

179 2163 399 2245 Hippolytum
423 2163 558 2227 seriores
582 2161 786 2244 interpretati
810 2165 897 2238 sunt,
923 2161 985 2224 nisi
1008 2163 1048 2225 ad
1068 2167 1294 2226 commentum

179 2288 264 2352 illud
294 2307 416 2351 nomen
449 2286 567 2364 Virbii,
593 2287 644 2351 bis
667 2287 728 2363 vir,
754 2285 930 2366 παλιμβίου,
955 2288 1103 2370 ritusque
1126 2287 1297 2370 religiosus

182 2414 314 2478 arcendi
349 2432 449 2496 equos
476 2433 495 2476 a
526 2412 601 2476 luco
633 2413 745 2475 duxit:
770 2416 808 2475 ut
831 2413 951 2477 veteris
978 2413 1081 2476 cladis
1104 2414 1294 2478 memoriam
1414 2447 1417 2453 ·

184 2539 338 2604 renovari
363 2539 454 2602 heroi
480 2539 615 2603 nollent.
642 2537 761 2600 Addita
784 2538 860 2601 hinc
885 2539 1031 2601 narratio
1055 2539 1094 2602 de
1117 2539 1296 2622 Hippolyto

182 2683 200 2728 e
224 2665 361 2728 mortuis
383 2664 515 2728 reducto
540 2670 572 2728 et
595 2664 630 2725 in
655 2682 773 2726 nemus
797 2663 981 2726 Aricinium
1006 2663 1144 2726 aDiana
1156 2664 1297 2728 abducto

182 2791 219 2855 cl.
243 2786 339 2854 Ovid.
363 2789 440 2852 Met.
466 2788 540 2867 XV,
566 2788 628 2850 532
642 2807 711 2870 sqq.
735 2787 818 2850 Eam
843 2787 989 2871 fabulam
1016 2785 1223 2851 Aricinorum
1242 2787 1297 2851 do·
1399 2844 1404 2857 ,

183 2915 351 2980 manticam
376 2914 475 2986 luisse
500 2932 540 2978 ex
563 2911 728 2977 Pausania
753 2912 953 2995 intelligitur
975 2912 1047 2977 Lib.
1072 2913 1115 2993 ΙΙ,
1141 2912 1215 2978 W

225 3039 322 3124 Apud
355 3039 500 3104 Merckel
533 3039 569 3102 in
604 3040 783 3122 prolegom.
820 3039 908 3103 Fast.
938 3058 994 3122 pg.¹
1023 3040 1103 3102 146:
1134 3035 1293 3116 „Virbius

184 3171 294 3231 tamen
318 3167 410 3231 vicus
431 3163 615 3250 appellatur
639 3185 660 3229 a
682 3166 776 3228 Livio
801 3162 828 3243 I,
852 3165 905 3244 48,
929 3183 997 3230 neo
1011 3166 1103 3231 credo
1120 3167 1297 3230 emendan-

185 3292 271 3357 dum·
286 3292 408 3357 Urbius
432 3292 486 3374 (M.
507 3292 616 3357 Hertz.
635 3289 778 3374 Orbius).
799 3291 875 3357 Non
895 3291 966 3355 sine
986 3310 1083 3356 causa
1103 3292 1217 3356 Dianii
1232 3311 1299 3358 rne-

186 3420 317 3485 minisse
339 3420 453 3484 Livius
477 3419 617 3484 videtur.
643 3421 778 3484 Virbius
802 3439 869 3484 non
892 3439 1019 3502 semper
1035 3439 1095 3504 pro
1115 3421 1299 3505 Hippolyto

187 3547 316 3613 habitus
343 3547 480 3612 fortasse
504 3552 553 3612 ast
575 3551 607 3611 et
629 3551 724 3612 vetus
749 3545 860 3610 sabula
883 3545 923 3609 de
947 3547 1044 3610 heroe
1067 3545 1184 3611 Italico
1208 3547 1299 3629 equis

188 3677 285 3752 tracto
320 3675 428 3758 potuit
462 3673 630 3737 transferri
666 3671 700 3735 in
729 3692 840 3756 regem
864 3692 885 3735 a
909 3671 1009 3736 mulis
1033 3673 1210 3758 calcatum,
1233 3693 1299 3757 quo

189 3803 329 3882 tempore
363 3797 447 3863 illud
480 3799 667 3883 pervulgari
704 3799 820 3881 coepit,
851 3798 938 3880 quod
971 3796 1128 3862 Ovidium
1152 3808 1182 3861 'a
1203 3803 1300 3881 poeta

192 3926 360 3990 vetustiori
392 3927 566 4008 sumpsisse
593 3930 727 4009 apparet
751 3924 837 3988 Fast.
863 3921 920 4000 VI,
947 3924 1027 3987 595:
1052 3924 1203 4008 „regiam
1229 3944 1299 3990 rem

190 4053 286 4118 scelus
324 4049 445 4132 essc'',''
480 4058 512 4118 et
545 4073 601 4137 pg..
630 4053 710 4116 213:
745 4050 937 4129 „Fabulam
961 4047 1133 4135 Hippolyti
1155 4051 1300 4116 delatam
