2956 5040
650 424 764 485 63·

151 632 291 709 Turnus,
327 651 384 694 rex
416 631 629 708 Rutulorum,
658 631 837 695 secundum
877 631 1074 712 Dionysium
1106 649 1218 695 eorum

107 756 340 820 rebellantium
378 758 492 836 socius,
529 775 634 840 neque
670 777 747 820 cum
781 757 903 833 Aenea,
936 762 972 819 ut
996 753 1088 834 Gal-o,
1113 775 1221 839 neque

107 902 182 946 cum
201 883 331 959 Latino,
352 887 389 946 ut
412 883 588 962 Dionysius
609 886 732 959 narrat,
755 881 902 955 moritur,
916 881 971 945 sed
983 887 1054 963 post
1067 880 1219 944 Mezentii

109 1016 247 1073 mortem
272 1009 316 1072 ab
339 1011 451 1071 Aenea
474 1006 630 1071 caeditur.

153 1133 334 1200 Mezentius
365 1155 432 1212 rex,
467 1134 525 1216 qui
556 1154 577 1196 a
608 1132 795 1198 Caeritibus
826 1134 980 1217 expulsus
1001 1134 1043 1197 ad
1065 1133 1220 1198 Turnum
1327 1213 1328 1216 Ἴ

108 1261 309 1343 confugerat,
345 1259 525 1323 seeundum
562 1259 740 1340 Dionysius
765 1260 944 1343 Liuiusque
967 1279 1024 1324 rex
1047 1265 1118 1323 erat
1141 1258 1224 1341 Tyr-

109 1387 286 1451 rhenorum
312 1386 365 1449 vel
389 1386 614 1450 Etruscorum.
639 1387 714 1449 lam
739 1405 759 1449 a
780 1385 859 1449 belli
878 1386 974 1450 initio
995 1385 1100 1450 Turni
1119 1385 1225 1449 socius

109 1517 168 1590 est,
193 1514 279 1596 quod
303 1513 366 1575 nisi
392 1532 459 1576 nna
483 1510 619 1577 Catonis
642 1513 832 1577 narratione
853 1532 919 1576 non
941 1513 1108 1595 probatur,
1122 1531 1223 1596 quum

108 1638 214 1701 altera
235 1638 415 1722 Liviusque
439 1658 514 1703 eum
536 1643 608 1722 post
628 1639 770 1722 primam
786 1638 985 1703 Rutulorum
999 1639 1137 1716 cladem,
1152 1635 1225 1701 Dio·

112 1765 226 1847 nysius
247 1768 319 1847 post
341 1764 446 1828 Turni
470 1769 607 1829 mortem
627 1764 826 1829 Rutulorum
850 1767 985 1843 socium,
1006 1765 1136 1830 Aeneae
1158 1765 1225 1829 hos

112 1896 179 1954 tem
214 1891 339 1954 dicunt.
375 1891 436 1955 Ille
472 1891 606 1955 deorum
642 1896 857 1974 contemptor,
888 1892 930 1956 ab
960 1890 1072 1954 Aenea
1096 1908 1221 1966 caesus,

110 2017 240 2098 primus
270 2017 419 2080 omniurn
455 2017 494 2081 de
523 2035 621 2080 scena
651 2016 797 2094 discedit,
830 2035 931 2099 quum
956 2014 1038 2080 Cato
1062 2035 1137 2080 eum
1162 2016 1222 2078 La·

112 2142 194 2217 tino,
229 2142 351 2218 Turno,
383 2140 582 2227 Aeneaeque
613 2143 835 2225 superstitem,
858 2142 901 2206 ab
925 2141 1066 2206 Ascanio
1090 2141 1222 2205 tandem

112 2268 265 2345 occisum,
301 2265 474 2349 Dionysius
504 2287 579 2332 eum
611 2274 682 2351 post
713 2268 839 2333 cladem
872 2287 947 2332 cum
973 2267 1113 2331 Ascanio
1137 2267 1225 2330 Lati·

112 2394 230 2476 nisque
261 2393 373 2458 foedus
403 2393 587 2470 ferientem,
622 2392 735 2457 Livius
763 2413 839 2458 eum
874 2394 979 2458 Turni
1010 2394 1145 2470 socium,
1171 2393 1227 2476 qui

112 2523 185 2600 post
221 2517 354 2583 Aeneae
389 2524 529 2583 mortem
563 2539 735 2602 nunquam
766 2539 859 2583 arma
891 2538 1022 2584 movere
1049 2538 1151 2583 ausus
1174 2519 1227 2597 sit,

112 2651 261 2710 narrant.

158 2769 324 2851 Anchises,
360 2790 454 2853 quem
490 2767 569 2836 Cato
603 2768 846 2855 Dionysinsque
877 2772 918 2834 ad
941 2769 1072 2836 ltaliam
1099 2772 1231 2838 venisse

114 2897 258 2976 tradunt,
277 2900 348 2981 jam
371 2898 458 2981 apud
484 2897 674 2981 Depranum
699 2897 846 2981 sepultus
870 2902 927 2962 est.

161 3019 491 3106 Ascanins'deniqne,
515 3019 617 3100 „cui”
641 3023 734 3105 (Aen.
759 3022 785 3102 I,
812 3023 885 3104 268)
908 3041 1026 3101 „nuno
1045 3041 1228 3106 cognomen

114 3149 192 3214 Julo
222 3151 353 3214 additur
378 3149 456 3231 (Ilus
479 3153 550 3213 erat
572 3149 652 3213 dum
678 3169 729 3213 res
752 3149 842 3213 stetit
864 3147 927 3212 llia
951 3148 1094 3232 regno)'’,
1120 3169 1232 3214 seeun-

114 3277 195 3340 dum
231 3276 427 3358 Dionysium
462 3278 540 3338 ante
573 3275 688 3339 urbem
721 3280 851 3358 captam
886 3273 1053 3357 Euryleun
1087 3280 1234 3355 vocatus,

115 3403 206 3468 filius
239 3401 382 3467 Greiisae
415 3402 541 3484 (Livius
573 3403 737 3466 haesitans
768 3399 973 3481 „Lauiniae”
997 3404 1169 3485 memorat)
1196 3404 1231 3466 in

117 3532 186 3593 toto
217 3528 364 3592 carmine
386 3533 493 3610 partes
523 3527 667 3591 minores
690 3546 756 3591 non
782 3534 893 3590 tamen
918 3527 1054 3592 leviores
1077 3528 1146 3610 agit
1154 3552 1163 3606 3
1190 3529 1229 3594 cl.

118 3654 202 3717 Aen.
231 3654 256 3732 I,
282 3654 360 3718 tle:
388 3702 407 3732 „
417 3652 478 3717 Ille
491 3650 779 3735 (dulus-Cupido)
794 3697 802 3714 .
816 3701 823 3717 .
838 3700 845 3715 .
860 3700 867 3715 .
880 3653 984 3717 inscia
996 3654 1090 3732 Dido,
1102 3653 1230 3717 Insidat

116 3784 261 3864 quantus
291 3780 430 3843 miserae
462 3776 570 3857 deus”,
593 3797 679 3862 quae
702 3778 740 3840 ni
763 3778 859 3842 fallor
882 3798 1000 3862 magno
1024 3798 1099 3843 cum
1125 3780 1234 3845 studio

118 3910 152 3968 et
180 3905 277 3988 plura
308 3903 457 3967 indicans
489 3908 584 3986 polita
614 3903 742 3986 scripsit
751 3928 760 3981 ;
784 3900 865 3967 Aen.
888 3900 930 3981 11,
957 3904 1017 3966 681
1032 3922 1102 3988 sqq.
1125 3905 1234 3988 prodi·

118 4032 211 4117 giam
244 4036 365 4108 narrat,
390 4031 477 4114 quod
510 4028 688 4095 Anchisam
716 4036 825 4094 movet
847 4035 886 4094 ut
907 4049 983 4093 oum
1006 4031 1073 4094 suis
1097 4031 1231 4114 Trojam

119 4155 283 4221 labentem
308 4156 472 4240 relinquat
481 4183 490 4235 ;
514 4156 595 4221 Aen.
622 4153 695 4235 VH,
722 4156 803 4218 116:
828 4156 956 4235 „Heus,
980 4157 1080 4220 etiam
1106 4177 1235 4223 mensas

119 4285 345 4363 consuminus,
380 4283 488 4367 inquit
522 4283 649 4362 Julus'',
685 4284 805 4367 quibus
837 4283 944 4347 verbis
976 4282 1104 4348 Aeneae
1135 4284 1235 4368 signi·

119 4411 196 4477 fieat
235 4430 269 4474 se
310 4409 441 4475 fatalem
480 4417 600 4476 terram
636 4411 806 4492 attigisse;
847 4410 928 4472 Aen.
963 4407 1038 4488 VII,
1074 4410 1135 4472 496
1163 4429 1236 4494 sqq.
