2956 5040
809 359 827 418 6

258 569 385 632 nultius
418 568 531 633 oculos
565 568 756 632 cadentium
793 562 1038 639 immutatione,
1076 563 1182 627 mutto
1218 564 1334 626 minus
1363 583 1386 627 a

257 693 447 758 tabularum
472 711 635 754 novarum
658 690 853 754 inventione
875 687 1050 751 abstinuit
1075 685 1160 749 Nam
1183 688 1329 751 mutatio
1349 693 1385 751 et

256 814 477 899 antiquiorem
512 821 681 879 auctorem
718 819 751 878 et
780 813 954 894 antiquam
987 812 1172 875 doctrinam
1205 816 1383 894 soquentes

258 941 374 1016 laedet,
408 959 513 1022 quum
545 958 636 1002 nova
665 939 742 1002 ficta
767 937 937 1000 neminem
964 936 1086 1013 dolore,
1113 935 1235 999 multos
1257 937 1381 1019 gaudio

257 1065 383 1128 afficere
414 1069 559 1146 possunt.
583 1064 664 1127 illae
687 1082 805 1127 causae
828 1061 1057 1125 discriminum
1080 1065 1159 1124 sunt
1180 1080 1264 1142 quae
1285 1080 1379 1142 prae·

257 1190 352 1271 cipue
374 1189 416 1250 ad
439 1188 568 1252 tabulas
591 1188 630 1250 de
652 1188 751 1251 rebus
770 1187 885 1269 priscis
904 1186 1110 1268 temporibus
1129 1183 1165 1247 in
1178 1185 1274 1248 Latio
1286 1187 1379 1263 actis,

258 1315 297 1378 de
322 1315 443 1391 Aenea,
467 1314 505 1377 de
529 1314 683 1377 Evandro
706 1317 864 1395 spectant,
889 1331 972 1394 quas
995 1311 1079 1375 solas
1098 1312 1202 1374 fusius
1221 1315 1380 1374 tractatas

256 1439 385 1516 inveni,
408 1457 494 1520 quae
513 1442 625 1501 tamen
646 1437 689 1500 ad
708 1437 790 1500 alias
809 1437 930 1519 partim
952 1441 1230 1500 commemoratas
1249 1436 1293 1499 ab
1303 1436 1381 1499 aliis

256 1563 469 1645 scriptoribus
492 1567 615 1644 partim
640 1561 815 1643 neglectas,
844 1580 949 1643 aeque
973 1562 1151 1643 pertinent.

302 1686 398 1767 Quod
421 1706 633 1769 nequaquam
658 1706 773 1751 omnes
798 1686 960 1750 Aeneidos
984 1687 1114 1751 fabulas
1138 1688 1288 1766 tractavi,
1312 1708 1381 1752 non

260 1813 344 1875 mihi
370 1812 476 1894 legem
498 1831 566 1894 qua
591 1811 759 1894 Vergilius
783 1811 977 1875 domesticas
1002 1813 1212 1876 narrationes
1236 1814 1383 1876 mutavit

258 1937 459 2000 constituere
492 1935 579 2013 ticet,
606 1935 664 1998 sed
687 1954 729 1998 ne
752 1935 910 1999 omnibus
932 1935 1067 2016 quidem
1091 1936 1210 1999 fabulis
1233 1938 1384 2000 tractatis

258 2065 354 2128 oredo
389 2070 511 2126 certam
549 2067 821 2143 constantemque
852 2061 959 2144 legem
993 2061 1134 2124 indicari
1164 2080 1268 2143 posse.
1291 2060 1382 2125 Nam

261 2190 320 2253 hoc
343 2190 480 2252 conanti
503 2207 570 2250 non
587 2176 702 2250 ¹solnm
725 2188 874 2250 indicare
897 2188 977 2268 quid
1002 2188 1181 2251 mutaverit
1202 2187 1381 2251 sedetiam

257 2314 337 2395 quid
360 2313 423 2376 sibi
447 2313 654 2396 proposuerit
677 2316 773 2394 poeta
797 2331 925 2376 necesse
948 2317 1007 2376 est.
1033 2311 1248 2394 Quamquam
1273 2317 1382 2377 muta·

259 2438 363 2503 tiones
385 2439 533 2501 indicare
557 2457 653 2520 saepe
675 2438 839 2520 contingit
861 2439 901 2501 de
924 2443 1041 2520 poetae
1065 2439 1242 2520 proposito,
1265 2443 1382 2502 tamen

261 2564 367 2627 multa
390 2565 551 2646 conjicere
574 2582 678 2645 pauca
697 2563 898 2626 constituere
917 2563 1005 2641 licet,
1025 2564 1104 2645 quia
1125 2564 1205 2644 quid
1225 2564 1291 2626 sibi
1310 2583 1385 2646 pro·

259 2690 404 2771 posuerit
426 2707 523 2770 saepe
546 2689 583 2750 in
609 2690 753 2753 tenebris
773 2692 880 2771 jacet3
906 2709 1007 2771 quam
1032 2690 1075 2753 ab
1100 2709 1233 2754 causam
1253 2689 1384 2755 nonde

260 2814 484 2878 mutationum
503 2815 658 2877 universa
672 2814 743 2896 lege
756 2815 811 2879 sed
823 2815 862 2878 de
876 2815 981 2878 modis
995 2835 1054 2878 nos
1067 2815 1157 2898 loqui
1172 2816 1273 2880 decet.
1286 2815 1384 2896 Quae

259 2939 299 3000 de
313 2946 452 3019 utraque
464 2957 499 3002 re
514 2937 596 3000 mihi
609 2939 842 3002 constituenda
857 2941 1034 3003 videantur
1047 2941 1192 3004 breviter
1204 2960 1382 3024 exponam.

304 3063 338 3125 Si
370 3063 532 3126 Aeneidos
559 3063 689 3126 fabulas
714 3083 789 3126 cum
813 3064 855 3125 iis
877 3083 963 3145 quae
987 3066 1030 3128 ab
1052 3066 1296 3147 antiquioribus
1320 3072 1383 3130 tra·

260 3188 386 3250 duntur
420 3206 661 3269 comparamus,
696 3188 789 3250 facile
820 3193 911 3271 patet
944 3185 1126 3271 Vergilium
1158 3209 1290 3254 summo
1313 3196 1383 3255 stu-

259 3313 313 3375 dio
345 3310 499 3392 antiquas
530 3311 658 3374 tabulas
690 3313 890 3395 repetivisse,
921 3314 977 3377 sed
1001 3313 1131 3377 easdem
1155 3334 1380 3397 magnacum

259 3438 395 3500 licentia
420 3442 575 3500 mutasse.
600 3434 811 3519 Inquirentes
835 3438 982 3500 enimin
1005 3439 1114 3502 varios
1135 3440 1245 3505 modos
1257 3442 1381 3523 quibus

259 3562 355 3626 nobis
382 3580 433 3625 res
456 3565 548 3624 actae
572 3580 592 3623 a
616 3562 745 3639 Latino,
771 3562 898 3643 Turno,
924 3563 1102 3645 Aeaeaque
1130 3566 1270 3629 traditae
1293 3571 1380 3646 suut,

259 3687 442 3768 reperimus
468 3682 652 3767 Vergilium
673 3686 803 3749 nullum
825 3686 1051 3770 antiquiorum
1073 3690 1271 3772 scriptorum
1292 3711 1380 3755 secu·

261 3816 333 3873 tum
357 3829 434 3887 esse,
456 3808 511 3872 sed
531 3810 598 3873 iere
618 3830 741 3874 novam
755 3813 980 3875 narrationem
995 3815 1223 3896 composuisse.
1236 3814 1382 3879 Nomina

259 3939 371 3997 servat
394 3934 449 3997 sed
474 3936 649 3998 homiuum
672 3955 827 4018 personas
850 3942 1017 4019 sortesque
1041 3939 1133 4002 nullo
1157 3940 1254 4002 modo
1276 3947 1380 4005 curat.

261 4061 400 4123 Summo
424 4060 527 4141 igitur
546 4041 622 4141 jure
645 4080 798 4142 rogamus
822 4066 947 4142 quanta
968 4066 1038 4144 ejus
1057 4063 1134 4126 fides
1154 4065 1188 4126 in
1209 4067 1382 4130 narrandis

262 4185 417 4261 moribus,
459 4186 588 4262 ritibus,
632 4187 827 4249 ceremoniis
869 4187 1008 4270 aliisque
1050 4189 1102 4265 sit,
1144 4209 1245 4271 quem
1286 4198 1380 4256 tanta

261 4310 395 4372 licentia
419 4329 469 4370 res
493 4311 591 4390 prisci
616 4311 773 4392 temporis
797 4318 937 4374 tractare
959 4314 1121 4376 videmus.
1143 4314 1293 4380 Profecto
1311 4337 1378 4381 non
