2956 5040
770 351 809 405 su

230 566 283 622 tus
305 560 348 622 sit
372 578 488 641 rogare
511 559 672 640 cogimur.
696 554 822 618 Mirum
848 558 1046 638 figmentum
1070 557 1123 620 hie
1150 559 1370 624 offendimus.

273 682 402 747 Danaes
437 684 584 746 fabulam
620 685 715 747 nobis
745 688 983 746 commentator
1016 682 1191 765 Apollonii
1229 684 1371 762 Rhodii,

226 808 304 890 Arg.
334 806 393 884 IV,
428 808 523 882 1091,
558 807 711 870 tradidit:
738 804 931 882 „orientum
955 806 984 867 ἐν
1011 804 1169 885 δωδεκάτῳ
1191 806 1311 886 ἱστορεῖ
1331 807 1372 879 ὥς

225 932 368 1010 Ἀκρίσιος
399 940 495 1008 γαμεῖ
527 932 695 1010 Εὐρυδίκην,
731 933 783 1003 rira
819 930 1051 1006 ιυαεδαίμυνυς,
1089 934 1145 992 τήν
1181 932 1216 995 δὲ
1249 933 1371 1009 γίνεται

227 1056 354 1130 mvsa.
443 1058 482 1120 Ὀ
510 1056 691 1141 (Ansium)
719 1057 750 1118 δὲ
773 1057 805 1118 σύ
828 1055 967 1126 retraxi,
990 1056 1062 1119 ἀλλ’
1087 1056 1118 1126 ἐς
1141 1055 1287 1136 λα’ρναιια
1308 1059 1370 1136 ἔμ-

226 1179 348 1260 βιβιὲζει
370 1181 462 1253 αὐτὴν
489 1180 652 1264 (Δανάην)
680 1180 761 1256 μετὰ
783 1184 835 1242 τσῦ
859 1179 965 1250 παιδὸς
990 1179 1177 1264 (Περσέως),
1199 1180 1258 1244 καί
1283 1183 1369 1246 κλεί-

229 1330 287 1377 σας
308 1311 496 1369 κατατυντσῖ.
523 1304 582 1368 Καὶ
604 1302 756 1384 φερόμενοι
778 1306 972 1383 ἀφικνοῦνται
994 1306 1035 1375 εἰς
1060 1304 1185 1384 Σέριφον
1197 1306 1256 1378 rita
1268 1315 1369 1380 νῆσον·

229 1430 281 1495 καί
314 1431 419 1502 αὐτοὺς
450 1427 560 1504 ἔξέλκει
592 1429 703 1500 Δίκτυς
726 1427 740 1491 ὃ
763 1428 954 1508 Περισθένσυς,
977 1429 1084 1509 δικτύῳ
1104 1430 1261 1494 imatos.
1287 1428 1371 1498 Εἶτα

231 1559 249 1629 ἡ
275 1555 380 1628 Δανάη
403 1551 519 1628 isirin
541 1553 659 1617 ἱκετεύει
680 1553 733 1625 τὴν
756 1552 899 1632 λάρνακα.
923 1554 963 1617 ‘0
983 1554 1025 1627 δὲ,
1047 1550 1178 1627 ἀνοίξας,
1189 1553 1247 1618 καί
1259 1559 1370 1632 μαθὼν

236 1679 334 1752 σίτινές
357 1680 436 1752 εἰσιν,
460 1677 528 1756 ἄγει
550 1679 590 1750 είς
611 1678 665 1749 τὴν
687 1672 770 1754 νίκαν,
794 1677 846 1741 καί
868 1677 968 1757 τρέφει
985 1680 1024 1750 ιίς
1042 1677 1079 1742 ἂν
1097 1687 1257 1757 συγγενεῖς
1269 1683 1370 1748 αὐτοῦ

232 1805 350 1877 ίντας.”
373 1806 497 1869 Eodem
521 1805 589 1867 fere
611 1801 709 1867 modo
734 1805 814 1867 haec
832 1803 1050 1885 Apollodorus
1068 1807 1106 1867 in
1125 1803 1307 1887 Βιβλιοθήκρ
1318 1809 1367 1887 Π,

235 1931 265 2007 2,
291 1931 320 2007 1,
344 1931 513 1992 anstrat.

278 2050 427 2129 Ovidius,
446 2070 652 2133 quamquam
672 2071 769 2133 saepe
790 2052 926 2114 Danaen
939 2058 1179 2116 commemorat
1190 2074 1367 2138 nusquam

230 2181 301 2261 ejus
318 2179 354 2241 in
379 2177 513 2241 Italiam
541 2175 722 2239 adventum
748 2177 859 2239 tradit.
880 2177 1015 2240 Turnus
1037 2177 1162 2259 ubique
1181 2178 1213 2241 ei
1232 2199 1294 2243 rer
1314 2188 1368 2246 est

234 2301 437 2367 Rutulorum
469 2302 508 2365 de
531 2304 626 2384 nujus
649 2307 748 2383 geute
772 2300 856 2364 nihil
880 2307 1005 2380 narrat,
1029 2303 1096 2365 nisi
1118 2303 1208 2385 quod
1233 2305 1368 2388 legitur

237 2430 325 2494 Fast.
350 2429 376 2505 Ι,
401 2429 484 2491 463:
507 2428 638 2506 „Turni
658 2427 767 2491 soror’'
787 2430 809 2491 i.
822 2448 850 2491 e.
862 2429 1018 2508 Juturna,
1030 2434 1065 2493 et
1076 2426 1135 2505 IV,
1150 2428 1231 2491 819:
1245 2478 1266 2507 ‚,
1277 2430 1367 2495 Tur·

234 2574 299 2617 nus
332 2573 375 2616 an
413 2553 541 2618 Aeneas
575 2554 691 2616 Latiae
723 2572 824 2635 gener
855 2552 999 2616 Amatae
1030 2554 1158 2617 bellum
1181 2553 1287 2618 erat'.
1312 2557 1367 2621 De

232 2677 343 2741 Ardea
365 2678 506 2760 legimus
529 2679 606 2741 Met.
631 2675 720 2756 XIV,
747 2677 829 2739 573:
853 2675 983 2753 „Cadit
1006 2677 1127 2756 Ardea,
1149 2678 1263 2743 'furno
1289 2681 1367 2746 Sos·

232 2805 300 2887 pite
317 2805 411 2894 ‚diota
434 2807 559 2885 potens.
584 2801 694 2882 Quam
716 2807 886 2885 postquam
908 2803 1082 2867 Dardanos
1102 2803 1189 2885 ignis
1202 2803 1366 2884 Abstulit,

233 2935 266 2992 et
300 2928 412 3011 tepido
449 2928 616 2991 latuerunt
647 2933 733 2991 teoto
763 2927 889 3005 favilla,
922 2927 1082 3011 (longerie
1111 2929 1262 2992 emedio
1286 2936 1365 2994 tum

232 3054 380 3134 primum
405 3053 538 3134 cognita
558 3071 693 3135 praepes
712 3052 872 3116 Subvolat
874 3097 975 3128 .....
988 3072 1253 3136 nomenquoque
1266 3075 1364 3119 man·

233 3175 273 3240 sit
297 3174 331 3239 in
355 3176 414 3238 illa
438 3175 555 3239 Urbis:
580 3181 613 3240 et
635 3177 706 3258 ipsa
728 3176 797 3237 suis
821 3175 1033 3259 deplangitur
1056 3175 1166 3241 Ardea
1188 3177 1287 3242 alis.”

277 3299 455 3382 Dionysius
479 3301 581 3363 tradit
603 3300 629 3376 l,
653 3300 711 3363 72:
732 3347 751 3376 ,‚
763 3297 925 3378 Ξεναγόρας
938 3298 1199 3381 δὲὸσυνγραφεύς
1222 3300 1360 3389 (Quota)

233 3422 401 3496 Ὀδυσσέως
424 3421 476 3487 καί
500 3421 604 3503 Κίρκης
627 3421 701 3493 υἱοὺς
725 3421 858 3499 γενέσθαι
881 3429 966 3502 τρεῖς,
992 3424 1112 3501 ‘Person
1134 3423 1265 3498 Ἀντίαν,
1288 3426 1364 3509 Ἀρ-

232 3547 311 3622 δέαν,
335 3547 494 3620 υίκίσαντες
518 3547 549 3612 δὲ
571 3554 647 3629 τρεῖς
671 3545 768 3619 πόλεις
792 3548 850 3628 ἀφ’
875 3548 984 3612 ἑαυτῶν
1008 3548 1104 3614 θέσθαι
1128 3558 1190 3623 τοῖς
1213 3550 1363 3630 κτίσμασι

232 3671 287 3744 τὰς
309 3669 501 3749 ίνυμασίας.”

278 3797 329 3860 Ita
366 3816 408 3860 ne
442 3797 598 3880 aequales
628 3799 761 3880 quidem
796 3795 935 3881 Vergilii
959 3818 1067 3881 noque
1090 3801 1131 3864 de
1155 3798 1273 3865 Dauno
1301 3803 1363 3869 hoo

235 3941 342 4004 neque
376 3923 416 3986 de
453 3919 578 3999 Donat,
613 3943 696 4005 quae
733 3923 874 3986 Ardeam
909 3925 1119 4004 condidisset,
1154 3927 1360 3993 mentionem

233 4048 370 4124 fuciunt,
394 4052 427 4109 et
450 4050 546 4129 potita
568 4052 679 4111 noster
698 4067 739 4111 ex
761 4049 932 4111 nominum
952 4049 1172 4114 similitudine
1193 4051 1273 4114 liaeo
1291 4053 1359 4134 pri-

234 4191 309 4234 rnus
341 4172 423 4234 milri
459 4171 658 4255 lepidissime
681 4173 814 4235 finxisse
838 4173 979 4250 videtur,
1006 4179 1042 4236 ut
1066 4174 1233 4238 illustrem
1257 4176 1358 4258 origi·

237 4315 311 4358 nem
338 4295 450 4358 Turno
475 4295 577 4357 etiarn
603 4314 622 4356 a
647 4297 750 4376 patris
770 4303 863 4378 parte
884 4297 1062 4379 affingeret.
1085 4299 1208 4377 Danae,
1229 4299 1264 4361 in
1278 4319 1358 4364 aron
