2956 5040
707 382 770 445 106

177 591 341 672 Ἐχινάδας
371 591 472 666 νήσους
501 592 650 671 μίγνντννν,
675 590 727 656 καὶ
758 596 846 674 γεννᾷ
869 589 997 672 Tattenos,
1022 591 1052 664 ὃς
1075 592 1158 671 ᾤκισε
1179 589 1288 671 Τάφον

176 716 226 781 καὶ
249 717 315 790 τοὺς
338 718 426 792 λαοὺς
450 717 609 795 Τηλεβόας
632 716 779 790 ἐκάλεσεν,
803 715 845 782 ὅτι
864 720 954 791 τηλοῦ
972 724 1026 791 τῆς
1045 717 1185 799 πατρίδος
1203 715 1288 796 ἔβη.”

176 843 241 906 Eos
275 840 417 926 Capreas
448 845 604 926 migrasse
635 840 798 925 Vergilius
827 844 953 926 primus
985 847 1109 906 narrat.
1140 843 1289 921 Tolosa

177 968 272 1032 nullo
304 969 461 1050 seriptore
494 974 593 1032 antea
624 973 931 1047 commemoratum,
956 972 1053 1050 poeta
1075 986 1116 1031 ex
1140 967 1287 1033 Telebois

176 1093 346 1158 deduxisse
380 1094 510 1158 videtur
542 1100 575 1159 et
604 1094 757 1158 Tebethis
786 1092 944 1175 Nympha
974 1113 1015 1157 ex
1038 1093 1110 1157 rivo
1135 1094 1284 1172 Sebetho,

176 1222 232 1303 qui
265 1240 367 1304 prope
396 1218 559 1303 Neapolis
588 1219 624 1282 in
656 1199 746 1284 mare
779 1219 895 1283 influit.
920 1216 1036 1283 Oebali
1059 1240 1179 1285 nomen
1203 1221 1290 1303 apud

177 1346 427 1430 Apollodorum,
452 1344 620 1418 Ovidium,
647 1343 887 1428 Hyginumque
910 1347 1100 1410 invenimus
1123 1347 1194 1411 sine
1218 1347 1289 1410 ulla

176 1479 288 1537 tamen
317 1474 514 1556 cognatione
541 1491 617 1535 oum
641 1470 765 1535 Telone
789 1477 906 1536 nostro.
931 1473 1142 1556 Figmentnm
1167 1474 1208 1538 de
1229 1475 1287 1538 Te·

94 1650 96 1655 .
178 1596 280 1663 lebois
314 1595 455 1682 Capreas
488 1597 708 1681 migrantibus
740 1597 865 1660 Statius
894 1598 930 1660 in
961 1598 1041 1662 Silv.
1071 1599 1129 1677 III,
1162 1600 1288 1678 5,105,

178 1725 376 1807 Tacitusque
399 1723 432 1786 in
457 1723 542 1787 Ann.
566 1722 623 1799 IV,
649 1720 689 1784 67
714 1722 817 1785 secuti
839 1727 925 1785 sunt.
950 1725 1084 1788 Servius
1112 1744 1201 1789 more
1221 1745 1288 1805 suo,

178 1868 263 1932 quae
285 1868 306 1912 a
329 1849 475 1933 Vergilio
497 1849 664 1926 didicerat,
688 1846 870 1912 confirmat.

221 3142 352 3207 Ufens
375 3163 494 3208 nomen
517 3144 663 3208 fluminis
685 3145 824 3223 videtur,
848 3147 933 3228 quod
956 3146 1190 3230 Aequenorom
1213 3151 1291 3214 duei

177 3268 361 3350 assignavit
394 3273 500 3351 po'e'ta,
536 3275 573 3332 nt
604 3264 679 3347 VII,
713 3269 785 3348 532,
819 3290 837 3335 e
867 3271 954 3334 Latii
976 3273 1112 3336 flumine
1135 3273 1288 3353 Almone,

177 3394 282 3458 filium
314 3395 435 3476 Tyrrhi
466 3395 640 3459 Almonem
649 3419 658 3472 3
690 3395 762 3473 535,
795 3397 1040 3462 eBrottiorum
1065 3397 1203 3462 flumine
1226 3400 1291 3463 Ga-

176 3520 275 3597 laeso,
299 3520 497 3585 ditissimum
522 3521 743 3585 Ausoniorum
768 3522 944 3586 Galaesum
956 3549 965 3601 ;
988 3524 1059 3604 752,
1071 3525 1290 3604 Umbronem,

175 3642 230 3724 XI,
255 3644 329 3722 670,
352 3644 455 3708 Lirim
479 3665 497 3710 e
517 3647 626 3710 fluviis
649 3649 845 3712 nominavit.
