2956 5040
782 364 824 423 92

230 575 434 649 incidissent,
459 572 656 636 crudelitate
682 571 865 652 excogitata
890 570 1103 648 necabantur,
1124 591 1268 653 quorum
1290 591 1353 635 cor·

232 717 313 780 pora
346 698 423 758 viva
460 715 537 759 cum
575 695 723 770 mortuis,
760 694 895 756 adversa
925 692 1068 756 adversis
1098 695 1353 772 accommodata,

232 842 333 904 quarn
372 820 541 904 optissirne
576 821 838 902 colligabantur,
874 821 920 882 sic
955 825 1079 882 nostros
1113 821 1246 884 animos
1282 841 1354 884 curn

233 948 425 1028 corporibus
448 946 617 1028 copulatos
639 950 674 1008 nt
696 946 790 1008 vivos
810 964 887 1007 oum
901 945 1039 1007 mortuis
1051 963 1119 1007 esse
1133 942 1356 1027 conjunctos'',

235 1077 267 1134 et
297 1090 318 1131 a
349 1071 464 1134 Servio
496 1069 579 1133 Aen.
605 1067 700 1147 VIII,
725 1069 807 1132 479:
831 1065 906 1145 „Hi
930 1069 986 1131 diu
1009 1066 1181 1149 pIraIIcam
1206 1087 1358 1133 exercue-

233 1200 312 1258 runt
346 1201 385 1256 ut
419 1195 522 1257 etiam
558 1192 673 1257 Cicero
708 1194 742 1255 in
776 1193 950 1256 Hortensio
982 1193 1084 1270 docet,
1109 1213 1185 1255 enm
1210 1195 1357 1276 captivos

236 1321 330 1381 novis
357 1320 471 1400 poenis
493 1321 680 1402 affligerent,
705 1319 887 1381 occisorum
914 1337 969 1380 eos
992 1317 1166 1400 religantes
1189 1317 1356 1382 cadaveri·

236 1443 327 1519 bus'’,
351 1443 447 1506 facile
471 1443 702 1525 intelligimus,
726 1442 859 1504 etiamsi
884 1442 912 1504 ei
935 1442 1087 1503 animum
1113 1442 1280 1505 mitiorem
1302 1445 1358 1505 tri·

237 1570 308 1632 buit
332 1567 372 1646 X,
399 1569 584 1646 ast-906,
609 1568 730 1648 quibus
753 1586 770 1630 e
795 1566 941 1630 lontibus
966 1572 1003 1629 ut
1029 1566 1130 1629 talem
1154 1567 1354 1631 Mezentium

236 1694 428 1772 delinearet,
453 1694 600 1756 hauserit
623 1697 729 1774 poeta.

282 1819 331 1881 De
362 1818 450 1881 vitae
481 1820 551 1900 ejus
583 1817 770 1880 conditione
794 1834 862 1878 non
887 1822 956 1879 tam
980 1820 1199 1898 congruentes
1224 1815 1356 1880 fabulae

237 1943 376 2005 traditae
409 1947 495 2005 sunt.
531 1941 593 2004 llle
625 1942 760 2005 deorum
792 1947 998 2022 contemptor
1029 1939 1123 2004 nobis
1155 1940 1356 2023 aVergiIIo,

238 2066 327 2144 VIII,
363 2069 427 2128 489
440 2087 508 2149 sqq.
542 2068 740 2148 proponitur
774 2067 817 2130 ab
856 2064 1019 2147 Agyllinis
1049 2062 1216 2146 expulsus,
1248 2067 1357 2128 confu-

235 2194 328 2275 giens
362 2194 404 2255 ad
435 2193 588 2256 Turnum
625 2193 840 2275 Rutulosque,
877 2193 997 2272 quibus
1031 2195 1146 2255 contra
1176 2192 1357 2256 Laurentes

237 2318 461 2400 Trojanosque
491 2317 683 2381 auxiliatur.
708 2318 742 2380 Si
766 2319 846 2380 haec
869 2336 1100 2398 comparamus
1122 2337 1197 2380 eum
1222 2316 1357 2382 Catonis

236 2434 465 2526 Postumiiqne
497 2444 754 2537 narrationibus,
783 2450 874 2524 patet
904 2447 1035 2524 potitam
1060 2447 1213 2504 neutram
1238 2441 1357 2504 harum

235 2573 386 2630 secutum
410 2587 488 2645 esse,
512 2588 619 2650 quum
643 2569 733 2630 solus
756 2568 957 2630 Mezentium
983 2567 1025 2629 ab
1050 2564 1218 2649 Agyllinis
1241 2567 1356 2648 expul-

236 2710 322 2770 sum,
346 2692 493 2755 amicum
517 2692 632 2771 Turni,
653 2693 750 2756 nobis
770 2693 985 2773 proposuerit,
998 2711 1083 2773 quae
1097 2693 1238 2755 mutatio
1251 2711 1357 2776 neque

237 2814 280 2876 ab
310 2815 506 2896 aequalibus
526 2835 635 2897 neque
658 2835 679 2878 a
702 2816 917 2898 scriptoribus
939 2816 1173 2898 posterioribus
1197 2821 1245 2878 est
1271 2835 1358 2898 repe·

237 2941 308 3003 tita.
341 2941 437 3022 Apud
467 2941 604 3003 Livium
637 2943 728 3004 enirn
758 2941 899 3023 legimns
919 2940 944 3018 I,
970 2943 999 3020 2,
1025 2942 1061 3003 3:
1086 2938 1198 3018 „Inde
1223 2939 1358 3003 Turnus

237 3064 429 3146 Rutulique,
461 3066 556 3128 diffisi
587 3067 685 3128 rebus
716 3067 758 3130 ad
784 3068 932 3130 florentes
955 3086 1031 3150 opes
1053 3067 1268 3129 Etruscorum
1296 3065 1359 3129 Me·

237 3193 450 3273 nuntiumque
477 3211 587 3274 regem
614 3212 728 3256 eorum
754 3194 959 3273 confugiunt,
983 3192 1040 3274 qui
1064 3189 1173 3268 Caere,
1199 3190 1355 3271 opulento

236 3321 307 3378 tum
344 3317 461 3398 oppido
493 3315 777 3398 imperitans...
813 3317 902 3380 baud
936 3318 1104 3400 gravatim
1139 3316 1227 3378 socia
1262 3334 1357 3377 arma

235 3439 369 3503 Rutulis
395 3440 549 3523 junxit'';
580 3443 667 3522 apud
701 3438 797 3504 Dion.
831 3439 858 3518 I,
890 3443 950 3504 65:
973 3444 1053 3520 „rob
1076 3439 1107 3503 δὲ
1129 3437 1278 3517 βασιλέως
1302 3441 1358 3501 τῶν

236 3562 403 3643 Τοῤῥήνωο.
507 3563 666 3637 Μεσέντιος
701 3565 732 3629 δὲ
765 3565 817 3629 σὺν
851 3565 958 3644 ὀλίγοις
992 3564 1083 3646 λόφον
1119 3563 1184 3628 out
1218 3577 1357 3627 κοοτοολοο-

236 3685 367 3761 liba...
392 3689 430 3760 ὡς
452 3689 480 3751 ἐν
503 3689 610 3771 οὶπορίςι
632 3688 789 3769 χρήματος
814 3687 934 3770 ἔπεμψε
952 3688 1079 3770 κήρυκος
1099 3689 1138 3761 εἷς
1157 3688 1189 3751 τὸ
1209 3687 1358 3752 Antoninon

236 3809 300 3891 περὶ
335 3809 439 3890 φιλίοις
474 3808 736 3891 δοοολεξομὲνοος”;
771 3815 857 3896 apud
887 3811 1047 3878 Ovidium
1077 3814 1165 3876 Fast.
1189 3810 1249 3891 IV,
1274 3813 1357 3874 880:

235 3935 418 4016 „Etruscas
453 3938 586 3999 Turnus
622 3939 758 4019 adoptat
792 3958 877 4020 opes.
909 3938 1028 4003 Clarus
1058 3945 1129 4003 erat
1152 3940 1358 4022 sumptisque

236 4060 327 4126 ferox
351 4064 532 4126 Mezentius
555 4064 666 4138 armis,
690 4061 796 4142 Quem
822 4065 941 4127 Rutuli
966 4065 1162 4146 Turnusque
1187 4065 1254 4126 suis
1278 4065 1357 4128 asci-

236 4206 325 4250 scere
350 4192 515 4267 temptant
538 4185 703 4255 Partibus.
728 4187 817 4251 Haeo
841 4194 956 4252 contra
980 4189 1047 4251 dux
1071 4189 1119 4251 ita
1138 4185 1260 4251 Tuscus
1279 4184 1356 4250 ait’'.

237 4308 361 4375 Omnes
390 4313 493 4394 igitur
523 4309 725 4374 Mezentium
750 4332 858 4394 regem
883 4315 1096 4377 Etruscorum
1121 4311 1247 4391 dieunt,
1271 4313 1356 4394 quod
