2956 5040
174 136 295 220 populo
329 156 455 221 semper
487 137 596 201 amisa
630 135 721 216 suo”,
754 142 787 200 et
820 136 908 201 Fast.
939 133 999 215 IV,
1033 134 1091 200 ⁷32
1125 135 1293 215 „Venerat

175 261 311 327 Atridae
334 263 409 326 latis
432 263 577 346 agitatus
599 263 768 340 Halaesus,
792 282 813 325 a
836 281 901 345 quo
924 282 959 327 se
982 262 1104 327 dietam
1128 267 1215 325 terra
1233 261 1292 324 Fa·

174 389 255 453 lisoa
297 384 418 474 putas,
456 388 577 469 quibus
611 388 719 453 verbis
753 388 964 452 consentiunt
997 386 1139 466 Solinus,
1170 383 1215 463 ΙΙ,
1255 386 1292 451 7:

176 512 287 595 „Quis
319 515 458 598 ignorat,
491 514 534 578 ab
568 512 687 579 Haleso
719 514 842 597 Argivo
871 514 1038 578 conditam
1068 513 1242 592 Faliscum,
1273 533 1294 576 a

175 639 305 703 Falerio
340 639 464 723 Argivo
495 637 694 716 Faleriosl',
725 645 758 703 et
782 640 916 704 Servius
938 640 979 703 ad
1003 637 1086 704 Aen.
1110 635 1185 718 VH,
1211 640 1292 704 695:

176 764 347 842 „Falisoos
371 763 510 829 Halesus
532 765 690 830 condidit.
709 763 795 827 Nam
815 765 987 847 posteritas
1005 765 1041 828 in
1064 766 1178 829 multis
1190 766 1291 830 norni-

176 890 275 955 nibus
306 891 334 953 F
363 909 421 975 pro
451 889 482 953 H
506 891 630 973 posuit3
663 890 750 954 siout
776 888 927 967 „febris”
951 891 1082 969 dieitur,
1105 909 1193 974 quae
1216 897 1292 956 ante

177 1014 334 1096 „hebris”
365 1016 553 1094 dicebatur;
585 1015 788 1094 „Formiae”
819 1035 903 1098 quae
925 1013 1133 1095 „Hormiae”
1157 1017 1293 1081 fuerunt

176 1139 234 1204 sini
264 1146 319 1213 πῆς
349 1139 469 1220 ipsit-'³
500 1141 528 1204 Ε
559 1141 680 1223 quibus
710 1148 822 1206 tamen
852 1146 944 1225 patet
967 1138 1152 1225 Vergilium
1183 1140 1290 1205 solum

177 1266 355 1332 Halaesum
397 1267 512 1332 ducem
557 1287 687 1332 vocasse
727 1268 925 1352 populorum
965 1270 1001 1331 in
1036 1289 1113 1353 agro
1149 1269 1291 1333 Falerno

179 1394 414 1473 habitantium,
437 1413 541 1476 quum
565 1390 706 1458 Ovidius
728 1395 853 1477 aliique
875 1414 951 1459 eum
975 1396 1176 1460 conditorem
1198 1394 1292 1459 Fale-

178 1519 302 1583 riorum
325 1515 380 1582 vel
402 1519 549 1584 Faliscos
572 1519 832 1584 nominaverint.
856 1519 978 1584 Utrum
1003 1520 1057 1584 hie
1080 1538 1211 1604 quoque
1234 1521 1293 1583 fin·

180 1643 263 1707 xerit
295 1642 462 1726 Vergilius
491 1663 535 1706 an
565 1662 606 1707 ex
637 1643 884 1726 antiquioribus
907 1644 963 1708 sed
984 1644 1120 1728 perditis
1146 1643 1291 1708 fontibus

180 1767 324 1833 hauserit
346 1768 422 1853 quis
443 1767 614 1834 decernet?

221 3035 397 3119 Vergilius,
428 3036 510 3102 Aen.
538 3034 613 3118 VII,
641 3037 701 3102 733
725 3057 804 3120 sqq„
830 3035 993 3102 Oebalum
1016 3038 1123 3101 filium
1147 3035 1289 3116 Telonis,

176 3157 321 3243 Capreae
353 3163 448 3244 regis,
481 3182 582 3246 quam
614 3168 713 3227 antea
735 3164 896 3229 Teleboae
919 3169 1158 3247 occupaverant
1182 3170 1214 3228 et
1236 3164 1288 3227 Se·

176 3283 316 3348 bethidis
346 3284 521 3369 Nymphae
552 3286 641 3352 dioit.
675 3289 723 3352 De
752 3288 902 3352 Telebois
934 3287 1101 3373 Apollonii
1125 3309 1289 3354 commen·

175 3415 262 3473 tator
284 3410 461 3474 tradiderat
484 3412 526 3475 ad
543 3412 569 3489 Ι,
592 3412 670 3477 747:
694 3412 753 3490 „‘H
775 3411 884 3494 Τόφνς
897 3421 980 3488 νῆσος
992 3414 1053 3479 ἐστὶ
1065 3415 1121 3494 μία
1133 3419 1189 3479 τῶν
1201 3417 1288 3495 'Ext-

177 3531 277 3608 νόδων,
300 3531 334 3608 ἣν
357 3536 471 3615 ᾤκησαν
494 3535 656 3615 Τηλεβόαι,
678 3538 701 3602 οἱ
719 3537 847 3620 πρότερον
867 3539 919 3612 πην
933 3540 1127 3622 Ἀκαρνανίαν
1139 3543 1288 3615 οἰκοῦντες,

176 3655 273 3739 ἄνδρες
307 3661 531 3742 λησπρνκόπαπνι
564 3663 612 3727 riv
642 3663 744 3744 τρόπον
758 3712 765 3727 .
779 3712 786 3727 .
801 3712 831 3729 ..
864 3664 1019 3743 Τηλεβόαι
1051 3660 1096 3730 οὖν
1118 3667 1142 3731 ol
1166 3666 1288 3750 Τάφιον,

178 3781 194 3855 ἢ
223 3786 281 3851 απὸ
312 3785 475 3864 Τηλεβόαν,
505 3792 554 3852 τοῦ
582 3787 744 3870 Ππερέλα”,
777 3797 808 3854 et
832 3792 1046 3873 Apollodorus
1069 3791 1113 3870 ll,
1138 3796 1170 3873 4,
1197 3797 1225 3873 5,
1251 3798 1287 3857 t:

180 3913 320 3988 ,,Τανπην
354 3914 525 3998 (Ἱπποθόην)
559 3915 696 3996 ἁρπάσας
732 3918 872 3981 Ποσειδῶν
910 3917 961 3982 καὶ
996 3919 1121 3996 κομίσας
1153 3918 1202 3984 ἐπὶ
1233 3920 1289 3994 πόας
