2956 5040
631 375 672 436 23

87 585 171 646 riam
203 584 238 646 in
269 582 378 662 Italia,
409 601 511 664 quarn
535 581 684 646 Naevius
705 582 742 644 in
765 582 787 644 l.
811 583 847 649 B.
871 583 918 660 P.,
943 583 1018 646 Piso
1042 583 1077 644 in
1103 602 1205 646 anna·

90 706 177 771 libus
196 708 379 787 nominat'’,
400 709 438 772 fr.
460 709 501 769 22
523 707 664 789 (Nonius
677 707 752 785 335,
766 708 784 769 2
797 709 971 790 percauta)
980 754 1079 784 ......
1089 709 1211 772 blande

90 834 124 893 et
146 831 237 895 docte
258 837 431 914 percantat
455 831 567 896 Aenea
590 851 655 914 quo
677 836 775 913 pacto
799 830 930 914 Trojam
957 832 1072 895 urbem
1098 833 1214 914 liquis·

89 951 169 1033 set'',
194 954 232 1019 ir.
259 957 300 1018 23
324 957 427 1037 (Serv.
451 953 479 1040 Ι,
506 956 581 1039 273)
606 1004 625 1033 „
636 955 783 1019 Naevius
805 961 838 1019 et
861 956 991 1018 Ennius
1016 955 1146 1019 Aeneae
1170 974 1208 1019 ex

89 1079 160 1141 filia
185 1086 337 1162 nepotem
361 1080 545 1144 Romulum
574 1080 777 1144 conditorem
802 1080 894 1144 urbis
917 1077 1082 1156 tradunt”,
1106 1080 1144 1144 fr.
1170 1082 1210 1143 25

95 1202 198 1284 (Serv.
226 1201 284 1282 IV,
313 1206 344 1287 9)
376 1204 505 1282 „Anna
529 1223 620 1268 soror
619 1249 721 1282 .....
745 1206 837 1287 cujus
858 1205 947 1268 filiae
968 1204 1093 1268 fuerint
1115 1204 1215 1266 Anna

89 1332 125 1391 et
147 1328 229 1392 Dido
254 1327 404 1393 Naevius
426 1327 546 1392 dixit.''

136 1451 348 1536 Quamquam
374 1455 515 1532 Ennius,
541 1452 677 1518 Cincius
697 1452 899 1531 Alimentus,
921 1453 1046 1516 Acilius
1061 1453 1212 1531 Glabrio,

88 1578 225 1642 Porcius
255 1576 349 1656 Cato,
381 1576 514 1641 Cassius
544 1578 700 1656 Hemina,
723 1578 916 1642 Postumius
939 1578 1092 1656 Albinus,
1117 1576 1213 1641 Fabii

89 1703 237 1784 qnidam,
270 1704 486 1786 Sempronius
516 1702 711 1782 Tuditanus,
739 1704 893 1766 Lutatius
926 1699 1072 1779 Catulus,
1099 1702 1213 1766 Aelius

89 1827 232 1904 Tubero,
264 1826 441 1890 Terentius
470 1823 585 1904 Varro,
616 1846 756 1909 quorum
784 1828 972 1909 fragmenta
995 1827 1036 1890 ad
1060 1846 1119 1890 nos
1142 1845 1211 1908 per·

91 1956 258 2013 venerunt
281 1969 396 2014 omnes
419 1950 495 2031 plus
519 1951 674 2014 minusve
698 1953 756 2013 has
780 1950 822 2013 ad
845 1950 992 2014 Aeneam
1011 1950 1213 2032 pertinentes

89 2094 140 2138 res
172 2080 369 2154 tractarunt,
400 2095 498 2139 nemo
522 2094 638 2140 eorum
662 2075 704 2138 ad
727 2093 875 2157 eaquae
897 2093 918 2137 a
940 2073 1068 2139 Naevio
1093 2075 1214 2138 tradita

88 2206 167 2262 sunt
201 2202 281 2264 novi
312 2201 492 2283 quidquam
523 2201 624 2278 addit,
656 2198 722 2264 nisi
752 2199 888 2264 Cincius
919 2201 1119 2278 Alimentus,
1151 2201 1211 2282 qui

90 2326 191 2389 habet
222 2325 358 2406 (Krause
383 2345 436 2408 pg.
464 2325 533 2408 73)=
557 2326 666 2404 „Post
689 2327 769 2390 haec
793 2326 955 2389 Ascanius
978 2324 1151 2407 completis
1175 2324 1210 2386 in

88 2449 232 2512 Lavinio
256 2449 393 2531 triginta
412 2450 509 2512 annis
524 2497 532 2512 .
546 2495 554 2511 .
568 2497 598 2513 ..
619 2434 806 2531 speculatus
826 2453 973 2512 montem
994 2450 1132 2528 editum,
1153 2449 1212 2531 qui

89 2591 181 2635 nunc
203 2573 247 2636 ab
270 2592 310 2636 ea
332 2573 423 2655 urbe,
445 2592 532 2655 quae
555 2574 590 2636 in
614 2593 652 2637 eo
676 2573 808 2636 condita
831 2578 889 2652 est,
914 2572 1064 2636 Albanus
1084 2593 1211 2636 nuncu·

88 2703 198 2779 patur,
229 2698 401 2761 civitatem
432 2694 638 2762 eommunit'’
647 2722 656 2776 3
681 2698 880 2776 Postumius,
905 2699 961 2779 qui
984 2698 1112 2780 scripsit
1143 2698 1212 2780 (Kr.

91 2823 183 2901 lull:
216 2821 362 2904 „Bajam
391 2823 539 2906 Euximi,
571 2825 702 2887 comitis
734 2824 875 2903 Aeneae,
908 2825 1074 2887 nutricem
1105 2828 1138 2886 et
1169 2825 1212 2888 ab

90 2947 161 3028 ejus
185 2947 321 3010 nomine
343 2948 439 3029 Bajas
462 2955 594 3011 vocatas
617 2947 771 3026 dicunt’';
796 2946 918 3011 Caesar
940 2954 974 3012 et
998 2949 1213 3031 Sempronius

90 3070 159 3151 (Kr.
190 3089 243 3152 pg.
278 3071 351 3152 180)
381 3073 439 3154 qui
470 3074 581 3154 ajunt:
614 3070 777 3154 „Oajetae
809 3091 992 3154 cognomen
1024 3073 1123 3136 fuisse
1146 3093 1213 3136 non

90 3214 224 3273 nomen,
255 3215 296 3259 ex
325 3215 364 3260 eo
394 3197 520 3260 scilicet
549 3197 704 3276 inditum,
728 3197 816 3278 quod
839 3199 907 3279 ejus
930 3197 1068 3260 consilio
1091 3197 1213 3278 impul·

90 3306 195 3400 suque
230 3325 352 3383 matres
382 3318 544 3401 Trojanae
576 3320 684 3384 taedio
716 3321 806 3402 longi
838 3319 964 3402 navigii
996 3320 1131 3384 classem
1166 3321 1214 3384 ibi

91 3444 310 3523 incenderint,
333 3463 449 3527 graece
473 3446 596 3508 scilicet
620 3445 840 3527 appellatione
864 3443 924 3507 cirri
946 3447 997 3507 τοῦ
1018 3443 1116 3517 καίειν,
1138 3464 1169 3527 q.
1185 3466 1213 3510 e.

91 3568 306 3646 incendere’';
341 3569 502 3647 Lutatius,
533 3569 622 3651 apud
653 3588 752 3651 quem
786 3569 981 3651 legebantur
1015 3569 1083 3650 (Kr.
1119 3570 1211 3651 319):

91 3694 326 3769 „recordatum
357 3693 518 3772 Aeneam,
545 3694 632 3775 quod
653 3694 832 3776 aliquando
853 3694 884 3756 ei
903 3713 1100 3776 responsum
1120 3699 1212 3773 esset,

92 3816 166 3881 urbi
194 3817 383 3882 condendae
407 3818 652 3900 quadrupedem
677 3819 823 3882 futuram
848 3819 976 3882 ducem.
1002 3819 1087 3882 Tum
1113 3821 1214 3883 simu·

92 3942 189 4006 laoris
212 3943 346 4006 deorum
373 3943 550 4006 Penatium
574 3950 794 4026 prosecutum,
819 3949 919 4026 atque
942 3944 1050 4022 illum,
1074 3944 1133 4007 ubi
1152 3944 1213 4006 illa

92 4067 270 4147 procubuit
300 4067 464 4150 enixaque
494 4073 541 4131 est
573 4068 724 4151 porculos
747 4067 894 4150 triginta,
920 4069 1043 4132 ibidem
1067 4068 1213 4149 auspica-

95 4196 176 4271 tum,
213 4196 387 4273 postquam
423 4191 604 4256 Lavinium
628 4191 744 4256 dixit.”

138 4315 180 4376 Hi
213 4315 309 4378 nobis
332 4320 410 4377 sunt
441 4315 545 4378 fontes
575 4334 592 4378 e
624 4316 745 4396 quibus
778 4316 958 4379 haurienda
989 4321 1065 4379 sunt
1097 4317 1211 4379 omnia
