<?xml version="1.0" encoding="UTF-8"?>
<!DOCTYPE html PUBLIC "-//W3C//DTD XHTML 1.0 Transitional//EN"
    "http://www.w3.org/TR/xhtml1/DTD/xhtml1-transitional.dtd">
<html xmlns="http://www.w3.org/1999/xhtml" xml:lang="en" lang="en">
 <head>
  <title>
</title>
<meta http-equiv="Content-Type" content="text/html;charset=utf-8" />
  <meta name='ocr-system' content='tesseract 3.04.00' />
  <meta name='ocr-capabilities' content='ocr_page ocr_carea ocr_par ocr_line ocrx_word'/>
</head>
<body>
  <div class='ocr_page' id='page_1' title='image "./quaestionesdefa00kindgoog_0057.png"; bbox 0 0 2956 5040; ppageno 0'>
   <div class='ocr_carea' id='block_1_1' title="bbox 705 379 747 439">
    <p class='ocr_par' dir='ltr' id='par_1_1' title="bbox 705 379 747 439">
     <span class='ocr_line' id='line_1_1' title="bbox 705 379 747 439; baseline -0.071 0"><span class='ocrx_word' id='word_1_1' title='bbox 705 379 747 439; x_wconf 81' lang='lat'><strong>44</strong></span> 
     </span>
    </p>
   </div>
   <div class='ocr_carea' id='block_1_2' title="bbox 173 585 1291 4315">
    <p class='ocr_par' dir='ltr' id='par_1_2' title="bbox 173 585 1291 4315">
     <span class='ocr_line' id='line_1_2' title="bbox 177 585 1287 667; baseline -0.001 -19"><span class='ocrx_word' id='word_1_2' title='bbox 177 587 227 652; x_wconf 87' lang='lat' dir='ltr'><strong>vel</strong></span> <span class='ocrx_word' id='word_1_3' title='bbox 252 587 489 664; x_wconf 87' lang='lat' dir='ltr'><strong>Macedoniarn,</strong></span> <span class='ocrx_word' id='word_1_4' title='bbox 515 585 685 650; x_wconf 77' lang='lat' dir='ltr'><strong>Arcadiam</strong></span> <span class='ocrx_word' id='word_1_5' title='bbox 711 586 842 649; x_wconf 83' lang='lat' dir='ltr'><strong>tortasse</strong></span> <span class='ocrx_word' id='word_1_6' title='bbox 866 585 980 667; x_wconf 87' lang='lat' dir='ltr'><strong>petivit</strong></span> <span class='ocrx_word' id='word_1_7' title='bbox 999 604 1074 648; x_wconf 91' lang='lat' dir='ltr'><strong>cum</strong></span> <span class='ocrx_word' id='word_1_8' title='bbox 1096 585 1287 662; x_wconf 81' lang='lat' dir='ltr'><strong>Penatibus,</strong></span> 
     </span>
     <span class='ocr_line' id='line_1_3' title="bbox 176 709 1286 797; baseline -0.002 -21"><span class='ocrx_word' id='word_1_9' title='bbox 176 720 277 796; x_wconf 88' lang='lat' dir='ltr'><strong>patre,</strong></span> <span class='ocrx_word' id='word_1_10' title='bbox 302 712 368 777; x_wconf 82' lang='lat' dir='ltr'><strong>llic</strong></span> <span class='ocrx_word' id='word_1_11' title='bbox 390 713 630 797; x_wconf 79' lang='lat' dir='ltr'><strong>comitibusque</strong></span> <span class='ocrx_word' id='word_1_12' title='bbox 654 713 695 776; x_wconf 88' lang='lat' dir='ltr'><strong>ad</strong></span> <span class='ocrx_word' id='word_1_13' title='bbox 719 712 849 775; x_wconf 84' lang='lat' dir='ltr'><strong>Italiam</strong></span> <span class='ocrx_word' id='word_1_14' title='bbox 873 709 1011 794; x_wconf 82' lang='lat' dir='ltr'><strong>appulit,</strong></span> <span class='ocrx_word' id='word_1_15' title='bbox 1038 711 1094 774; x_wconf 90' lang='lat' dir='ltr'><strong>ubi</strong></span> <span class='ocrx_word' id='word_1_16' title='bbox 1117 710 1286 775; x_wconf 86' lang='lat' dir='ltr'><strong>Juliorum</strong></span> 
     </span>
     <span class='ocr_line' id='line_1_4' title="bbox 176 834 1288 921; baseline 0 -20"><span class='ocrx_word' id='word_1_17' title='bbox 176 838 304 921; x_wconf 78' lang='lat' dir='ltr'><strong>gatteria</strong></span> <span class='ocrx_word' id='word_1_18' title='bbox 325 844 448 916; x_wconf 89' lang='lat' dir='ltr'><strong>auctor,</strong></span> <span class='ocrx_word' id='word_1_19' title='bbox 472 834 592 901; x_wconf 84' lang='lat' dir='ltr'><strong>Latino</strong></span> <span class='ocrx_word' id='word_1_20' title='bbox 612 839 683 920; x_wconf 88' lang='lat' dir='ltr'><strong>agri</strong></span> <span class='ocrx_word' id='word_1_21' title='bbox 704 835 860 900; x_wconf 80' lang='lat' dir='ltr'><strong>Laurenti</strong></span> <span class='ocrx_word' id='word_1_22' title='bbox 881 854 954 918; x_wconf 87' lang='lat' dir='ltr'><strong>rege</strong></span> <span class='ocrx_word' id='word_1_23' title='bbox 968 836 1098 913; x_wconf 89' lang='lat' dir='ltr'><strong>occisso,</strong></span> <span class='ocrx_word' id='word_1_24' title='bbox 1113 835 1147 898; x_wconf 92' lang='lat' dir='ltr'><strong>in</strong></span> <span class='ocrx_word' id='word_1_25' title='bbox 1162 837 1288 918; x_wconf 87' lang='lat' dir='ltr'><strong>pmalio</strong></span> 
     </span>
     <span class='ocr_line' id='line_1_5' title="bbox 178 960 1287 1047; baseline -0.003 -21"><span class='ocrx_word' id='word_1_26' title='bbox 178 981 254 1026; x_wconf 87' lang='lat' dir='ltr'><strong>curn</strong></span> <span class='ocrx_word' id='word_1_27' title='bbox 296 962 407 1028; x_wconf 83' lang='lat' dir='ltr'><strong>Turno</strong></span> <span class='ocrx_word' id='word_1_28' title='bbox 442 982 604 1047; x_wconf 88' lang='lat' dir='ltr'><strong>nusquam</strong></span> <span class='ocrx_word' id='word_1_29' title='bbox 642 962 835 1044; x_wconf 77' lang='lat' dir='ltr'><strong>comparuit,</strong></span> <span class='ocrx_word' id='word_1_30' title='bbox 871 980 969 1044; x_wconf 89' lang='lat' dir='ltr'><strong>quam</strong></span> <span class='ocrx_word' id='word_1_31' title='bbox 1007 960 1049 1023; x_wconf 95' lang='lat' dir='ltr'><strong>ob</strong></span> <span class='ocrx_word' id='word_1_32' title='bbox 1082 979 1218 1024; x_wconf 86' lang='lat' dir='ltr'><strong>causam</strong></span> <span class='ocrx_word' id='word_1_33' title='bbox 1254 962 1287 1023; x_wconf 91' lang='lat' dir='ltr'><strong>in</strong></span> 
     </span>
     <span class='ocr_line' id='line_1_6' title="bbox 178 1086 1287 1168; baseline -0.003 -17"><span class='ocrx_word' id='word_1_34' title='bbox 178 1087 313 1153; x_wconf 84' lang='lat' dir='ltr'><strong>deorum</strong></span> <span class='ocrx_word' id='word_1_35' title='bbox 346 1108 523 1153; x_wconf 90' lang='lat' dir='ltr'><strong>numerum</strong></span> <span class='ocrx_word' id='word_1_36' title='bbox 555 1088 677 1152; x_wconf 89' lang='lat' dir='ltr'><strong>relatus</strong></span> <span class='ocrx_word' id='word_1_37' title='bbox 708 1093 766 1150; x_wconf 89' lang='lat' dir='ltr'><strong>est.</strong></span> <span class='ocrx_word' id='word_1_38' title='bbox 791 1086 880 1150; x_wconf 88' lang='lat' dir='ltr'><strong>Haec</strong></span> <span class='ocrx_word' id='word_1_39' title='bbox 902 1090 1031 1167; x_wconf 89' lang='lat' dir='ltr'><strong>praeter</strong></span> <span class='ocrx_word' id='word_1_40' title='bbox 1053 1087 1122 1168; x_wconf 91' lang='lat' dir='ltr'><strong>ejus</strong></span> <span class='ocrx_word' id='word_1_41' title='bbox 1144 1092 1287 1150; x_wconf 88' lang='lat' dir='ltr'><strong>mortem</strong></span> 
     </span>
     <span class='ocr_line' id='line_1_7' title="bbox 178 1210 1290 1298; baseline 0 -21"><span class='ocrx_word' id='word_1_42' title='bbox 178 1218 210 1277; x_wconf 84' lang='lat' dir='ltr'><strong>el</strong></span> <span class='ocrx_word' id='word_1_43' title='bbox 249 1211 405 1278; x_wconf 67' lang='lat' dir='ltr'><strong>decidere</strong></span> <span class='ocrx_word' id='word_1_44' title='bbox 446 1219 639 1298; x_wconf 82' lang='lat' dir='ltr'><strong>argumenta</strong></span> <span class='ocrx_word' id='word_1_45' title='bbox 683 1232 811 1297; x_wconf 89' lang='lat' dir='ltr'><strong>quoque</strong></span> <span class='ocrx_word' id='word_1_46' title='bbox 853 1210 1005 1276; x_wconf 82' lang='lat' dir='ltr'><strong>Aeneidis</strong></span> <span class='ocrx_word' id='word_1_47' title='bbox 1045 1218 1134 1289; x_wconf 91' lang='lat' dir='ltr'><strong>sunt,</strong></span> <span class='ocrx_word' id='word_1_48' title='bbox 1169 1214 1290 1296; x_wconf 89' lang='lat' dir='ltr'><strong>quibus</strong></span> 
     </span>
     <span class='ocr_line' id='line_1_8' title="bbox 178 1338 1290 1425; baseline -0.004 -19"><span class='ocrx_word' id='word_1_49' title='bbox 178 1345 275 1425; x_wconf 87' lang='lat' dir='ltr'><strong>pocla</strong></span> <span class='ocrx_word' id='word_1_50' title='bbox 315 1339 433 1405; x_wconf 74' lang='lat' dir='ltr'><strong>inultas</strong></span> <span class='ocrx_word' id='word_1_51' title='bbox 466 1340 548 1403; x_wconf 90' lang='lat' dir='ltr'><strong>alias</strong></span> <span class='ocrx_word' id='word_1_52' title='bbox 582 1339 719 1416; x_wconf 84' lang='lat' dir='ltr'><strong>fabulas,</strong></span> <span class='ocrx_word' id='word_1_53' title='bbox 754 1339 876 1421; x_wconf 90' lang='lat' dir='ltr'><strong>partim</strong></span> <span class='ocrx_word' id='word_1_54' title='bbox 913 1338 954 1401; x_wconf 85' lang='lat' dir='ltr'><strong>ad</strong></span> <span class='ocrx_word' id='word_1_55' title='bbox 987 1338 1117 1401; x_wconf 90' lang='lat' dir='ltr'><strong>Aeneae</strong></span> <span class='ocrx_word' id='word_1_56' title='bbox 1152 1339 1290 1402; x_wconf 87' lang='lat' dir='ltr'><strong>comites</strong></span> 
     </span>
     <span class='ocr_line' id='line_1_9' title="bbox 177 1462 1290 1551; baseline -0.004 -20"><span class='ocrx_word' id='word_1_57' title='bbox 177 1471 358 1551; x_wconf 75' lang='lat' dir='ltr'><strong>spectantes</strong></span> <span class='ocrx_word' id='word_1_58' title='bbox 391 1467 510 1550; x_wconf 87' lang='lat' dir='ltr'><strong>partim</strong></span> <span class='ocrx_word' id='word_1_59' title='bbox 543 1465 679 1542; x_wconf 90' lang='lat' dir='ltr'><strong>alienas,</strong></span> <span class='ocrx_word' id='word_1_60' title='bbox 709 1464 892 1545; x_wconf 81' lang='lat' dir='ltr'><strong>conjunxit.</strong></span> <span class='ocrx_word' id='word_1_61' title='bbox 923 1463 1085 1526; x_wconf 81' lang='lat' dir='ltr'><strong>Fabulam</strong></span> <span class='ocrx_word' id='word_1_62' title='bbox 1110 1463 1150 1527; x_wconf 91' lang='lat' dir='ltr'><strong>de</strong></span> <span class='ocrx_word' id='word_1_63' title='bbox 1173 1462 1290 1527; x_wconf 87' lang='lat' dir='ltr'><strong>Aenea</strong></span> 
     </span>
     <span class='ocr_line' id='line_1_10' title="bbox 180 1588 1290 1677; baseline 0 -23"><span class='ocrx_word' id='word_1_64' title='bbox 180 1588 344 1677; x_wconf 77' lang='lat' dir='ltr'><strong>Vergilius</strong></span> <span class='ocrx_word' id='word_1_65' title='bbox 367 1592 514 1657; x_wconf 87' lang='lat' dir='ltr'><strong>narravit</strong></span> <span class='ocrx_word' id='word_1_66' title='bbox 538 1593 599 1656; x_wconf 92' lang='lat' dir='ltr'><strong>hoc</strong></span> <span class='ocrx_word' id='word_1_67' title='bbox 623 1592 736 1654; x_wconf 87' lang='lat' dir='ltr'><strong>modo:</strong></span> <span class='ocrx_word' id='word_1_68' title='bbox 757 1590 844 1654; x_wconf 86' lang='lat' dir='ltr'><strong>Juno</strong></span> <span class='ocrx_word' id='word_1_69' title='bbox 864 1591 1012 1653; x_wconf 88' lang='lat' dir='ltr'><strong>Aeneam</strong></span> <span class='ocrx_word' id='word_1_70' title='bbox 1034 1591 1112 1668; x_wconf 88' lang='lat' dir='ltr'><strong>odit,</strong></span> <span class='ocrx_word' id='word_1_71' title='bbox 1126 1609 1194 1654; x_wconf 93' lang='lat' dir='ltr'><strong>non</strong></span> <span class='ocrx_word' id='word_1_72' title='bbox 1209 1591 1290 1675; x_wconf 88' lang='lat' dir='ltr'><strong>quia</strong></span> 
     </span>
     <span class='ocr_line' id='line_1_11' title="bbox 178 1713 1290 1801; baseline 0 -22"><span class='ocrx_word' id='word_1_73' title='bbox 178 1736 255 1801; x_wconf 76' lang='lat' dir='ltr'><strong>erga</strong></span> <span class='ocrx_word' id='word_1_74' title='bbox 289 1737 322 1783; x_wconf 91' lang='lat' dir='ltr'><strong>so</strong></span> <span class='ocrx_word' id='word_1_75' title='bbox 357 1719 515 1799; x_wconf 88' lang='lat' dir='ltr'><strong>peccavit,</strong></span> <span class='ocrx_word' id='word_1_76' title='bbox 546 1717 601 1781; x_wconf 89' lang='lat' dir='ltr'><strong>sed</strong></span> <span class='ocrx_word' id='word_1_77' title='bbox 632 1717 710 1800; x_wconf 88' lang='lat' dir='ltr'><strong>quia</strong></span> <span class='ocrx_word' id='word_1_78' title='bbox 744 1721 780 1778; x_wconf 89' lang='lat' dir='ltr'><strong>ut</strong></span> <span class='ocrx_word' id='word_1_79' title='bbox 802 1717 871 1798; x_wconf 89' lang='lat' dir='ltr'><strong>ejus</strong></span> <span class='ocrx_word' id='word_1_80' title='bbox 891 1716 1012 1799; x_wconf 87' lang='lat' dir='ltr'><strong>posteri</strong></span> <span class='ocrx_word' id='word_1_81' title='bbox 1036 1715 1190 1794; x_wconf 83' lang='lat' dir='ltr'><strong>Romam,</strong></span> <span class='ocrx_word' id='word_1_82' title='bbox 1216 1713 1290 1779; x_wconf 86' lang='lat' dir='ltr'><strong>Car·</strong></span> 
     </span>
     <span class='ocr_line' id='line_1_12' title="bbox 179 1841 1290 1927; baseline 0.001 -22"><span class='ocrx_word' id='word_1_83' title='bbox 179 1841 322 1927; x_wconf 73' lang='lat' dir='ltr'><strong>tlraginis</strong></span> <span class='ocrx_word' id='word_1_84' title='bbox 343 1842 534 1926; x_wconf 89' lang='lat' dir='ltr'><strong>perniciem,</strong></span> <span class='ocrx_word' id='word_1_85' title='bbox 558 1842 735 1906; x_wconf 89' lang='lat' dir='ltr'><strong>conderent</strong></span> <span class='ocrx_word' id='word_1_86' title='bbox 759 1842 832 1904; x_wconf 85' lang='lat' dir='ltr'><strong>fatis</strong></span> <span class='ocrx_word' id='word_1_87' title='bbox 850 1841 1066 1905; x_wconf 89' lang='lat' dir='ltr'><strong>constitutum</strong></span> <span class='ocrx_word' id='word_1_88' title='bbox 1087 1847 1167 1906; x_wconf 90' lang='lat' dir='ltr'><strong>erat.</strong></span> <span class='ocrx_word' id='word_1_89' title='bbox 1181 1843 1290 1906; x_wconf 88' lang='lat' dir='ltr'><strong>Undis</strong></span> 
     </span>
     <span class='ocr_line' id='line_1_13' title="bbox 180 1967 1290 2052; baseline -0.001 -21"><span class='ocrx_word' id='word_1_90' title='bbox 180 1967 491 2052; x_wconf 83' lang='lat' dir='ltr'><strong>tempestatibusque</strong></span> <span class='ocrx_word' id='word_1_91' title='bbox 505 1969 665 2051; x_wconf 84' lang='lat' dir='ltr'><strong>jactatum</strong></span> <span class='ocrx_word' id='word_1_92' title='bbox 686 1967 832 2031; x_wconf 90' lang='lat' dir='ltr'><strong>Aeneam</strong></span> <span class='ocrx_word' id='word_1_93' title='bbox 853 1967 1010 2030; x_wconf 82' lang='lat' dir='ltr'><strong>carminis</strong></span> <span class='ocrx_word' id='word_1_94' title='bbox 1030 1967 1126 2030; x_wconf 86' lang='lat' dir='ltr'><strong>initio</strong></span> <span class='ocrx_word' id='word_1_95' title='bbox 1139 1987 1159 2051; x_wconf 83' lang='lat' dir='ltr'><strong>a</strong></span> <span class='ocrx_word' id='word_1_96' title='bbox 1172 1968 1290 2031; x_wconf 88' lang='lat' dir='ltr'><strong>Sicilia</strong></span> 
     </span>
     <span class='ocr_line' id='line_1_14' title="bbox 177 2089 1288 2177; baseline 0 -20"><span class='ocrx_word' id='word_1_97' title='bbox 177 2089 414 2177; x_wconf 75' lang='lat' dir='ltr'><strong>Carthaginem</strong></span> <span class='ocrx_word' id='word_1_98' title='bbox 447 2093 624 2157; x_wconf 89' lang='lat' dir='ltr'><strong>adductum</strong></span> <span class='ocrx_word' id='word_1_99' title='bbox 657 2093 817 2170; x_wconf 89' lang='lat' dir='ltr'><strong>videmus,</strong></span> <span class='ocrx_word' id='word_1_100' title='bbox 843 2093 899 2155; x_wconf 92' lang='lat' dir='ltr'><strong>ubi</strong></span> <span class='ocrx_word' id='word_1_101' title='bbox 927 2089 1008 2156; x_wconf 88' lang='lat' dir='ltr'><strong>Dido</strong></span> <span class='ocrx_word' id='word_1_102' title='bbox 1032 2093 1165 2174; x_wconf 88' lang='lat' dir='ltr'><strong>reginae</strong></span> <span class='ocrx_word' id='word_1_103' title='bbox 1187 2113 1288 2157; x_wconf 90' lang='lat' dir='ltr'><strong>suum</strong></span> 
     </span>
     <span class='ocr_line' id='line_1_15' title="bbox 177 2217 1291 2303; baseline 0.001 -20"><span class='ocrx_word' id='word_1_104' title='bbox 177 2217 405 2285; x_wconf 87' lang='lat' dir='ltr'><strong>calamitosum</strong></span> <span class='ocrx_word' id='word_1_105' title='bbox 438 2221 501 2284; x_wconf 86' lang='lat' dir='ltr'><strong>iter</strong></span> <span class='ocrx_word' id='word_1_106' title='bbox 524 2219 705 2303; x_wconf 87' lang='lat' dir='ltr'><strong>Trojaeque</strong></span> <span class='ocrx_word' id='word_1_107' title='bbox 729 2220 895 2282; x_wconf 86' lang='lat' dir='ltr'><strong>excidium</strong></span> <span class='ocrx_word' id='word_1_108' title='bbox 918 2224 1041 2283; x_wconf 87' lang='lat' dir='ltr'><strong>narrat.</strong></span> <span class='ocrx_word' id='word_1_109' title='bbox 1066 2219 1135 2282; x_wconf 88' lang='lat' dir='ltr'><strong>Hac</strong></span> <span class='ocrx_word' id='word_1_110' title='bbox 1157 2221 1291 2285; x_wconf 89' lang='lat' dir='ltr'><strong>itineris</strong></span> 
     </span>
     <span class='ocr_line' id='line_1_16' title="bbox 179 2342 1291 2430; baseline 0.002 -22"><span class='ocrx_word' id='word_1_111' title='bbox 179 2363 270 2410; x_wconf 81' lang='lat' dir='ltr'><strong>ruore</strong></span> <span class='ocrx_word' id='word_1_112' title='bbox 292 2349 387 2430; x_wconf 86' lang='lat' dir='ltr'><strong>pocta</strong></span> <span class='ocrx_word' id='word_1_113' title='bbox 413 2344 461 2407; x_wconf 90' lang='lat' dir='ltr'><strong>ita</strong></span> <span class='ocrx_word' id='word_1_114' title='bbox 485 2344 591 2408; x_wconf 88' lang='lat' dir='ltr'><strong>utitur</strong></span> <span class='ocrx_word' id='word_1_115' title='bbox 615 2348 654 2407; x_wconf 93' lang='lat' dir='ltr'><strong>ut</strong></span> <span class='ocrx_word' id='word_1_116' title='bbox 676 2342 822 2407; x_wconf 87' lang='lat' dir='ltr'><strong>Aeneam</strong></span> <span class='ocrx_word' id='word_1_117' title='bbox 845 2344 886 2407; x_wconf 89' lang='lat' dir='ltr'><strong>ad</strong></span> <span class='ocrx_word' id='word_1_118' title='bbox 909 2344 980 2408; x_wconf 88' lang='lat' dir='ltr'><strong>loca</strong></span> <span class='ocrx_word' id='word_1_119' title='bbox 1000 2344 1120 2407; x_wconf 81' lang='lat' dir='ltr'><strong>fabulis</strong></span> <span class='ocrx_word' id='word_1_120' title='bbox 1138 2346 1291 2429; x_wconf 88' lang='lat' dir='ltr'><strong>antiquis</strong></span> 
     </span>
     <span class='ocr_line' id='line_1_17' title="bbox 176 2467 1290 2554; baseline 0.003 -21"><span class='ocrx_word' id='word_1_121' title='bbox 176 2468 317 2534; x_wconf 85' lang='lat' dir='ltr'><strong>celebria</strong></span> <span class='ocrx_word' id='word_1_122' title='bbox 351 2469 500 2535; x_wconf 87' lang='lat' dir='ltr'><strong>adducat.</strong></span> <span class='ocrx_word' id='word_1_123' title='bbox 534 2467 645 2549; x_wconf 76' lang='lat' dir='ltr'><strong>Quum</strong></span> <span class='ocrx_word' id='word_1_124' title='bbox 680 2471 744 2534; x_wconf 89' lang='lat' dir='ltr'><strong>iter</strong></span> <span class='ocrx_word' id='word_1_125' title='bbox 778 2489 876 2533; x_wconf 91' lang='lat' dir='ltr'><strong>suurn</strong></span> <span class='ocrx_word' id='word_1_126' title='bbox 910 2489 1041 2554; x_wconf 83' lang='lat' dir='ltr'><strong>pergere</strong></span> <span class='ocrx_word' id='word_1_127' title='bbox 1072 2475 1204 2534; x_wconf 89' lang='lat' dir='ltr'><strong>coactus</strong></span> <span class='ocrx_word' id='word_1_128' title='bbox 1230 2483 1290 2550; x_wconf 89' lang='lat' dir='ltr'><strong>est,</strong></span> 
     </span>
     <span class='ocr_line' id='line_1_18' title="bbox 177 2590 1288 2678; baseline 0.005 -22"><span class='ocrx_word' id='word_1_129' title='bbox 177 2590 260 2659; x_wconf 82' lang='lat' dir='ltr'><strong>Dido</strong></span> <span class='ocrx_word' id='word_1_130' title='bbox 288 2613 400 2660; x_wconf 89' lang='lat' dir='ltr'><strong>amore</strong></span> <span class='ocrx_word' id='word_1_131' title='bbox 430 2601 524 2678; x_wconf 90' lang='lat' dir='ltr'><strong>capta</strong></span> <span class='ocrx_word' id='word_1_132' title='bbox 554 2614 630 2659; x_wconf 88' lang='lat' dir='ltr'><strong>aum</strong></span> <span class='ocrx_word' id='word_1_133' title='bbox 662 2601 855 2673; x_wconf 88' lang='lat' dir='ltr'><strong>exsecratur,</strong></span> <span class='ocrx_word' id='word_1_134' title='bbox 880 2596 942 2658; x_wconf 91' lang='lat' dir='ltr'><strong>sibi</strong></span> <span class='ocrx_word' id='word_1_135' title='bbox 966 2614 1080 2659; x_wconf 88' lang='lat' dir='ltr'><strong>necem</strong></span> <span class='ocrx_word' id='word_1_136' title='bbox 1104 2596 1288 2661; x_wconf 87' lang='lat' dir='ltr'><strong>consciscit.</strong></span> 
     </span>
     <span class='ocr_line' id='line_1_19' title="bbox 175 2718 1289 2805; baseline 0.004 -21"><span class='ocrx_word' id='word_1_137' title='bbox 175 2718 300 2785; x_wconf 88' lang='lat' dir='ltr'><strong>Iterum</strong></span> <span class='ocrx_word' id='word_1_138' title='bbox 332 2721 373 2785; x_wconf 90' lang='lat' dir='ltr'><strong>ad</strong></span> <span class='ocrx_word' id='word_1_139' title='bbox 403 2720 550 2785; x_wconf 85' lang='lat' dir='ltr'><strong>Siciliam</strong></span> <span class='ocrx_word' id='word_1_140' title='bbox 573 2722 724 2804; x_wconf 88' lang='lat' dir='ltr'><strong>pervenit</strong></span> <span class='ocrx_word' id='word_1_141' title='bbox 747 2728 780 2785; x_wconf 88' lang='lat' dir='ltr'><strong>et</strong></span> <span class='ocrx_word' id='word_1_142' title='bbox 802 2722 845 2785; x_wconf 91' lang='lat' dir='ltr'><strong>ab</strong></span> <span class='ocrx_word' id='word_1_143' title='bbox 870 2721 983 2786; x_wconf 89' lang='lat' dir='ltr'><strong>Aceste</strong></span> <span class='ocrx_word' id='word_1_144' title='bbox 1006 2728 1165 2805; x_wconf 85' lang='lat' dir='ltr'><strong>acceptus,</strong></span> <span class='ocrx_word' id='word_1_145' title='bbox 1190 2724 1289 2790; x_wconf 91' lang='lat' dir='ltr'><strong>ludos</strong></span> 
     </span>
     <span class='ocr_line' id='line_1_20' title="bbox 177 2845 1290 2932; baseline 0.004 -23"><span class='ocrx_word' id='word_1_146' title='bbox 177 2846 210 2910; x_wconf 88' lang='lat' dir='ltr'><strong>in</strong></span> <span class='ocrx_word' id='word_1_147' title='bbox 237 2845 397 2912; x_wconf 86' lang='lat' dir='ltr'><strong>Anchisae</strong></span> <span class='ocrx_word' id='word_1_148' title='bbox 422 2847 577 2913; x_wconf 89' lang='lat' dir='ltr'><strong>honorem</strong></span> <span class='ocrx_word' id='word_1_149' title='bbox 598 2846 752 2924; x_wconf 90' lang='lat' dir='ltr'><strong>instituit,</strong></span> <span class='ocrx_word' id='word_1_150' title='bbox 774 2849 894 2931; x_wconf 89' lang='lat' dir='ltr'><strong>quibus</strong></span> <span class='ocrx_word' id='word_1_151' title='bbox 913 2848 1028 2911; x_wconf 90' lang='lat' dir='ltr'><strong>ludum</strong></span> <span class='ocrx_word' id='word_1_152' title='bbox 1042 2848 1290 2932; x_wconf 90' lang='lat' dir='ltr'><strong>Trojaeadjun-</strong></span> 
     </span>
     <span class='ocr_line' id='line_1_21' title="bbox 175 2970 1288 3059; baseline 0.006 -24"><span class='ocrx_word' id='word_1_153' title='bbox 175 2970 232 3055; x_wconf 72' lang='lat' dir='ltr'><strong>pit.</strong></span> <span class='ocrx_word' id='word_1_154' title='bbox 257 2970 337 3038; x_wconf 87' lang='lat' dir='ltr'><strong>Inde</strong></span> <span class='ocrx_word' id='word_1_155' title='bbox 361 2972 482 3037; x_wconf 78' lang='lat' dir='ltr'><strong>Cumas</strong></span> <span class='ocrx_word' id='word_1_156' title='bbox 502 2975 584 3058; x_wconf 86' lang='lat' dir='ltr'><strong>petit</strong></span> <span class='ocrx_word' id='word_1_157' title='bbox 605 2974 816 3059; x_wconf 80' lang='lat' dir='ltr'><strong>Sibyllaequa</strong></span> <span class='ocrx_word' id='word_1_158' title='bbox 836 2972 970 3038; x_wconf 90' lang='lat' dir='ltr'><strong>consilio</strong></span> <span class='ocrx_word' id='word_1_159' title='bbox 994 2980 1100 3037; x_wconf 90' lang='lat' dir='ltr'><strong>motus</strong></span> <span class='ocrx_word' id='word_1_160' title='bbox 1113 2975 1147 3036; x_wconf 93' lang='lat' dir='ltr'><strong>in</strong></span> <span class='ocrx_word' id='word_1_161' title='bbox 1160 2972 1288 3042; x_wconf 91' lang='lat' dir='ltr'><strong>Orcum</strong></span> 
     </span>
     <span class='ocr_line' id='line_1_22' title="bbox 175 3095 1290 3181; baseline 0.005 -21"><span class='ocrx_word' id='word_1_162' title='bbox 175 3095 339 3163; x_wconf 87' lang='lat' dir='ltr'><strong>descendit</strong></span> <span class='ocrx_word' id='word_1_163' title='bbox 362 3104 397 3163; x_wconf 87' lang='lat' dir='ltr'><strong>ut</strong></span> <span class='ocrx_word' id='word_1_164' title='bbox 418 3104 544 3181; x_wconf 89' lang='lat' dir='ltr'><strong>patrem</strong></span> <span class='ocrx_word' id='word_1_165' title='bbox 567 3099 687 3177; x_wconf 87' lang='lat' dir='ltr'><strong>videat,</strong></span> <span class='ocrx_word' id='word_1_166' title='bbox 708 3099 766 3163; x_wconf 92' lang='lat' dir='ltr'><strong>ubi</strong></span> <span class='ocrx_word' id='word_1_167' title='bbox 787 3119 947 3164; x_wconf 89' lang='lat' dir='ltr'><strong>unacum</strong></span> <span class='ocrx_word' id='word_1_168' title='bbox 970 3101 1124 3164; x_wconf 87' lang='lat' dir='ltr'><strong>heroibus</strong></span> <span class='ocrx_word' id='word_1_169' title='bbox 1145 3105 1290 3166; x_wconf 89' lang='lat' dir='ltr'><strong>mortuis</strong></span> 
     </span>
     <span class='ocr_line' id='line_1_23' title="bbox 175 3220 1288 3310; baseline 0.008 -25"><span class='ocrx_word' id='word_1_170' title='bbox 175 3220 385 3301; x_wconf 80' lang='lat' dir='ltr'><strong>Graecorum,</strong></span> <span class='ocrx_word' id='word_1_171' title='bbox 406 3224 492 3289; x_wconf 89' lang='lat' dir='ltr'><strong>viros</strong></span> <span class='ocrx_word' id='word_1_172' title='bbox 511 3223 677 3289; x_wconf 85' lang='lat' dir='ltr'><strong>Romanos</strong></span> <span class='ocrx_word' id='word_1_173' title='bbox 697 3225 876 3308; x_wconf 90' lang='lat' dir='ltr'><strong>aliquando</strong></span> <span class='ocrx_word' id='word_1_174' title='bbox 896 3226 999 3290; x_wconf 88' lang='lat' dir='ltr'><strong>claros</strong></span> <span class='ocrx_word' id='word_1_175' title='bbox 1016 3226 1142 3290; x_wconf 79' lang='lat' dir='ltr'><strong>futuros</strong></span> <span class='ocrx_word' id='word_1_176' title='bbox 1155 3228 1288 3310; x_wconf 87' lang='lat' dir='ltr'><strong>aspicit.</strong></span> 
     </span>
     <span class='ocr_line' id='line_1_24' title="bbox 176 3348 1289 3435; baseline 0.005 -24"><span class='ocrx_word' id='word_1_177' title='bbox 176 3348 300 3414; x_wconf 88' lang='lat' dir='ltr'><strong>Deinde</strong></span> <span class='ocrx_word' id='word_1_178' title='bbox 324 3370 434 3415; x_wconf 89' lang='lat' dir='ltr'><strong>rursus</strong></span> <span class='ocrx_word' id='word_1_179' title='bbox 457 3350 563 3415; x_wconf 87' lang='lat' dir='ltr'><strong>altum</strong></span> <span class='ocrx_word' id='word_1_180' title='bbox 590 3351 670 3435; x_wconf 90' lang='lat' dir='ltr'><strong>petit</strong></span> <span class='ocrx_word' id='word_1_181' title='bbox 694 3357 728 3414; x_wconf 87' lang='lat' dir='ltr'><strong>at</strong></span> <span class='ocrx_word' id='word_1_182' title='bbox 749 3370 808 3434; x_wconf 90' lang='lat' dir='ltr'><strong>per</strong></span> <span class='ocrx_word' id='word_1_183' title='bbox 830 3349 978 3433; x_wconf 74' lang='lat' dir='ltr'><strong>OaJetam</strong></span> <span class='ocrx_word' id='word_1_184' title='bbox 1000 3352 1041 3414; x_wconf 91' lang='lat' dir='ltr'><strong>ad</strong></span> <span class='ocrx_word' id='word_1_185' title='bbox 1063 3350 1189 3414; x_wconf 86' lang='lat' dir='ltr'><strong>Tiberis</strong></span> <span class='ocrx_word' id='word_1_186' title='bbox 1201 3353 1289 3417; x_wconf 88' lang='lat' dir='ltr'><strong>ostia</strong></span> 
     </span>
     <span class='ocr_line' id='line_1_25' title="bbox 174 3473 1286 3559; baseline 0.004 -21"><span class='ocrx_word' id='word_1_187' title='bbox 174 3473 320 3559; x_wconf 87' lang='lat' dir='ltr'><strong>appellit.</strong></span> <span class='ocrx_word' id='word_1_188' title='bbox 345 3476 471 3540; x_wconf 89' lang='lat' dir='ltr'><strong>Aeneas</strong></span> <span class='ocrx_word' id='word_1_189' title='bbox 497 3478 616 3541; x_wconf 88' lang='lat' dir='ltr'><strong>mensis</strong></span> <span class='ocrx_word' id='word_1_190' title='bbox 639 3498 659 3541; x_wconf 88' lang='lat' dir='ltr'><strong>a</strong></span> <span class='ocrx_word' id='word_1_191' title='bbox 678 3479 853 3541; x_wconf 88' lang='lat' dir='ltr'><strong>comitibus</strong></span> <span class='ocrx_word' id='word_1_192' title='bbox 872 3479 1084 3559; x_wconf 89' lang='lat' dir='ltr'><strong>comsumptis</strong></span> <span class='ocrx_word' id='word_1_193' title='bbox 1103 3497 1136 3541; x_wconf 93' lang='lat' dir='ltr'><strong>se</strong></span> <span class='ocrx_word' id='word_1_194' title='bbox 1149 3478 1286 3542; x_wconf 83' lang='lat' dir='ltr'><strong>letalem</strong></span> 
     </span>
     <span class='ocr_line' id='line_1_26' title="bbox 176 3603 1287 3688; baseline 0.003 -21"><span class='ocrx_word' id='word_1_195' title='bbox 176 3607 295 3667; x_wconf 88' lang='lat' dir='ltr'><strong>terram</strong></span> <span class='ocrx_word' id='word_1_196' title='bbox 328 3603 472 3686; x_wconf 84' lang='lat' dir='ltr'><strong>attigisse</strong></span> <span class='ocrx_word' id='word_1_197' title='bbox 504 3606 604 3668; x_wconf 87' lang='lat' dir='ltr'><strong>sentit</strong></span> <span class='ocrx_word' id='word_1_198' title='bbox 636 3605 824 3688; x_wconf 85' lang='lat' dir='ltr'><strong>legatosque</strong></span> <span class='ocrx_word' id='word_1_199' title='bbox 846 3605 887 3667; x_wconf 92' lang='lat' dir='ltr'><strong>ad</strong></span> <span class='ocrx_word' id='word_1_200' title='bbox 910 3603 1064 3667; x_wconf 86' lang='lat' dir='ltr'><strong>Latinum</strong></span> <span class='ocrx_word' id='word_1_201' title='bbox 1089 3604 1209 3680; x_wconf 83' lang='lat' dir='ltr'><strong>mittit,</strong></span> <span class='ocrx_word' id='word_1_202' title='bbox 1225 3609 1287 3688; x_wconf 91' lang='lat' dir='ltr'><strong>qui</strong></span> 
     </span>
     <span class='ocr_line' id='line_1_27' title="bbox 174 3728 1287 3814; baseline 0.006 -24"><span class='ocrx_word' id='word_1_203' title='bbox 174 3745 233 3790; x_wconf 87' lang='lat' dir='ltr'><strong>sua</strong></span> <span class='ocrx_word' id='word_1_204' title='bbox 255 3734 369 3810; x_wconf 85' lang='lat' dir='ltr'><strong>sponte</strong></span> <span class='ocrx_word' id='word_1_205' title='bbox 391 3728 493 3790; x_wconf 89' lang='lat' dir='ltr'><strong>filiam</strong></span> <span class='ocrx_word' id='word_1_206' title='bbox 514 3749 608 3792; x_wconf 88' lang='lat' dir='ltr'><strong>suam</strong></span> <span class='ocrx_word' id='word_1_207' title='bbox 620 3731 795 3793; x_wconf 88' lang='lat' dir='ltr'><strong>Laviniam</strong></span> <span class='ocrx_word' id='word_1_208' title='bbox 810 3731 840 3793; x_wconf 92' lang='lat' dir='ltr'><strong>ei</strong></span> <span class='ocrx_word' id='word_1_209' title='bbox 854 3749 987 3794; x_wconf 90' lang='lat' dir='ltr'><strong>uxorem</strong></span> <span class='ocrx_word' id='word_1_210' title='bbox 1001 3730 1183 3813; x_wconf 89' lang='lat' dir='ltr'><strong>despondet,</strong></span> <span class='ocrx_word' id='word_1_211' title='bbox 1198 3751 1287 3814; x_wconf 83' lang='lat' dir='ltr'><strong>quae</strong></span> 
     </span>
     <span class='ocr_line' id='line_1_28' title="bbox 174 3852 1285 3935; baseline 0.011 -24"><span class='ocrx_word' id='word_1_212' title='bbox 174 3852 302 3935; x_wconf 89' lang='lat' dir='ltr'><strong>sponsio</strong></span> <span class='ocrx_word' id='word_1_213' title='bbox 327 3860 493 3917; x_wconf 89' lang='lat' dir='ltr'><strong>causaest</strong></span> <span class='ocrx_word' id='word_1_214' title='bbox 517 3854 594 3918; x_wconf 90' lang='lat' dir='ltr'><strong>belli</strong></span> <span class='ocrx_word' id='word_1_215' title='bbox 617 3856 705 3919; x_wconf 87' lang='lat' dir='ltr'><strong>inter</strong></span> <span class='ocrx_word' id='word_1_216' title='bbox 729 3854 875 3920; x_wconf 87' lang='lat' dir='ltr'><strong>Aeneam</strong></span> <span class='ocrx_word' id='word_1_217' title='bbox 897 3861 930 3918; x_wconf 91' lang='lat' dir='ltr'><strong>et</strong></span> <span class='ocrx_word' id='word_1_218' title='bbox 949 3856 1108 3932; x_wconf 88' lang='lat' dir='ltr'><strong>Turnum,</strong></span> <span class='ocrx_word' id='word_1_219' title='bbox 1122 3857 1285 3923; x_wconf 85' lang='lat' dir='ltr'><strong>Laviniae</strong></span> 
     </span>
     <span class='ocr_line' id='line_1_29' title="bbox 173 3979 1284 4064; baseline 0.005 -22"><span class='ocrx_word' id='word_1_220' title='bbox 173 3995 340 4060; x_wconf 86' lang='lat' dir='ltr'><strong>sponsum,</strong></span> <span class='ocrx_word' id='word_1_221' title='bbox 371 3979 425 4042; x_wconf 86' lang='lat' dir='ltr'><strong>oui</strong></span> <span class='ocrx_word' id='word_1_222' title='bbox 456 3979 566 4042; x_wconf 88' lang='lat' dir='ltr'><strong>Latini</strong></span> <span class='ocrx_word' id='word_1_223' title='bbox 591 3981 633 4043; x_wconf 95' lang='lat' dir='ltr'><strong>ob</strong></span> <span class='ocrx_word' id='word_1_224' title='bbox 656 4000 787 4044; x_wconf 89' lang='lat' dir='ltr'><strong>cervum</strong></span> <span class='ocrx_word' id='word_1_225' title='bbox 813 3982 1025 4045; x_wconf 87' lang='lat' dir='ltr'><strong>vulneratum</strong></span> <span class='ocrx_word' id='word_1_226' title='bbox 1050 3982 1130 4045; x_wconf 91' lang='lat' dir='ltr'><strong>duce</strong></span> <span class='ocrx_word' id='word_1_227' title='bbox 1153 3982 1284 4064; x_wconf 86' lang='lat' dir='ltr'><strong>Tyrrhe</strong></span> 
     </span>
     <span class='ocr_line' id='line_1_30' title="bbox 174 4103 1283 4186; baseline 0.005 -20"><span class='ocrx_word' id='word_1_228' title='bbox 174 4103 337 4186; x_wconf 90' lang='lat' dir='ltr'><strong>multique</strong></span> <span class='ocrx_word' id='word_1_229' title='bbox 369 4103 426 4166; x_wconf 89' lang='lat' dir='ltr'><strong>alii</strong></span> <span class='ocrx_word' id='word_1_230' title='bbox 457 4123 546 4186; x_wconf 86' lang='lat' dir='ltr'><strong>reges</strong></span> <span class='ocrx_word' id='word_1_231' title='bbox 577 4105 791 4168; x_wconf 87' lang='lat' dir='ltr'><strong>auxiliantur.</strong></span> <span class='ocrx_word' id='word_1_232' title='bbox 822 4103 883 4169; x_wconf 92' lang='lat' dir='ltr'><strong>Ille</strong></span> <span class='ocrx_word' id='word_1_233' title='bbox 913 4112 1022 4170; x_wconf 88' lang='lat' dir='ltr'><strong>antem</strong></span> <span class='ocrx_word' id='word_1_234' title='bbox 1048 4106 1196 4171; x_wconf 86' lang='lat' dir='ltr'><strong>Tiberini</strong></span> <span class='ocrx_word' id='word_1_235' title='bbox 1222 4108 1283 4172; x_wconf 89' lang='lat' dir='ltr'><strong>Dei</strong></span> 
     </span>
     <span class='ocr_line' id='line_1_31' title="bbox 173 4228 1281 4315; baseline 0.007 -26"><span class='ocrx_word' id='word_1_236' title='bbox 173 4228 301 4291; x_wconf 83' lang='lat' dir='ltr'><strong>uronitu</strong></span> <span class='ocrx_word' id='word_1_237' title='bbox 325 4229 387 4291; x_wconf 90' lang='lat' dir='ltr'><strong>sibi</strong></span> <span class='ocrx_word' id='word_1_238' title='bbox 411 4230 514 4292; x_wconf 89' lang='lat' dir='ltr'><strong>socios</strong></span> <span class='ocrx_word' id='word_1_239' title='bbox 536 4239 631 4314; x_wconf 86' lang='lat' dir='ltr'><strong>parat</strong></span> <span class='ocrx_word' id='word_1_240' title='bbox 654 4239 684 4294; x_wconf 86' lang='lat' dir='ltr'><strong>et</strong></span> <span class='ocrx_word' id='word_1_241' title='bbox 707 4251 764 4295; x_wconf 89' lang='lat' dir='ltr'><strong>sue</strong></span> <span class='ocrx_word' id='word_1_242' title='bbox 787 4231 863 4295; x_wconf 87' lang='lat' dir='ltr'><strong>alba</strong></span> <span class='ocrx_word' id='word_1_243' title='bbox 886 4252 960 4295; x_wconf 89' lang='lat' dir='ltr'><strong>eum</strong></span> <span class='ocrx_word' id='word_1_244' title='bbox 983 4233 1119 4315; x_wconf 84' lang='lat' dir='ltr'><strong>triginta</strong></span> <span class='ocrx_word' id='word_1_245' title='bbox 1137 4234 1281 4315; x_wconf 86' lang='lat' dir='ltr'><strong>porculis</strong></span> 
     </span>
    </p>
   </div>
   <div class='ocr_carea' id='block_1_3' title="bbox 174 4351 1282 4443">
    <p class='ocr_par' dir='ltr' id='par_1_3' title="bbox 174 4351 1282 4443">
     <span class='ocr_line' id='line_1_32' title="bbox 174 4351 1282 4443; baseline 0.009 -31"><span class='ocrx_word' id='word_1_246' title='bbox 174 4351 309 4414; x_wconf 84' lang='lat' dir='ltr'><strong>inventa</strong></span> <span class='ocrx_word' id='word_1_247' title='bbox 339 4353 530 4418; x_wconf 84' lang='lat' dir='ltr'><strong>Evandrum</strong></span> <span class='ocrx_word' id='word_1_248' title='bbox 554 4356 632 4433; x_wconf 87' lang='lat' dir='ltr'><strong>adit,</strong></span> <span class='ocrx_word' id='word_1_249' title='bbox 657 4357 713 4441; x_wconf 91' lang='lat' dir='ltr'><strong>qui</strong></span> <span class='ocrx_word' id='word_1_250' title='bbox 736 4357 767 4418; x_wconf 90' lang='lat' dir='ltr'><strong>ei</strong></span> <span class='ocrx_word' id='word_1_251' title='bbox 791 4353 916 4421; x_wconf 64' lang='lat' dir='ltr'><strong>liertiae</strong></span> <span class='ocrx_word' id='word_1_252' title='bbox 941 4359 1106 4443; x_wconf 84' lang='lat' dir='ltr'><strong>regionem</strong></span> <span class='ocrx_word' id='word_1_253' title='bbox 1130 4360 1282 4440; x_wconf 81' lang='lat' dir='ltr'><strong>ostendit,</strong></span> 
     </span>
    </p>
   </div>
   <div class='ocr_carea' id='block_1_4' title="bbox 0 0 1482 5040">
    <p class='ocr_par' dir='ltr' id='par_1_4' title="bbox 0 0 1482 5040">
     <span class='ocr_line' id='line_1_33' title="bbox 0 0 1482 5040; baseline 0 0"><span class='ocrx_word' id='word_1_254' title='bbox 0 0 1482 5040; x_wconf 95' lang='lat' dir='ltr'><strong> </strong></span> 
     </span>
    </p>
   </div>
  </div>
 </body>
</html>
