2956 5040
662 343 703 407 tt

120 552 218 637 Troja
250 574 394 638 egressus
428 561 474 620 est
510 556 644 635 Aeneas,
665 556 803 621 Veneris
827 576 902 620 enm
925 576 983 640 per
1006 557 1092 621 diem
1116 555 1233 620 cotidie

120 681 248 745 stellam
273 683 402 761 vidisse,
426 685 529 748 donec
552 685 592 747 ad
616 704 733 768 agrum
757 684 961 747 Laurentum
977 684 1232 764 veniretinquo

121 825 194 870 earu
228 828 295 873 nou
331 809 416 872 vidit
449 810 599 888 ulterius,
634 829 701 893 qna
735 829 769 874 re
799 815 832 874 et
865 816 966 874 terras
987 810 1141 891 cognovit
1165 828 1233 873 esec

119 931 263 1010 fatales”,
290 932 393 1014 (Serv.
419 935 499 999 Aen.
525 934 551 1013 I,
578 935 664 1017 382).

166 1056 343 1143 Dionysius
383 1062 679 1126 Halicarnasseusis
721 1060 966 1144 Antiquitatum
1002 1062 1087 1127 libro
1121 1063 1147 1140 I,
1181 1082 1233 1145 cp.

120 1185 261 1264 tta-53,
298 1187 428 1253 Aeneae
463 1189 526 1253 iter
557 1188 655 1272 Troja
686 1186 726 1252 ad
759 1189 892 1253 Latium
917 1194 1040 1254 narrat.
1064 1190 1234 1268 Postea,a

119 1331 189 1394 cap.
224 1316 264 1376 54
300 1333 401 1397 usqne
432 1314 475 1377 ad
504 1333 574 1398 cap.
607 1316 648 1377 63
679 1316 702 1380 i.
723 1316 754 1395 f,
787 1316 986 1399 objectiones
1009 1316 1138 1395 refutat,
1162 1335 1233 1399 pro·

120 1435 208 1521 digia
248 1436 379 1519 aliaque
421 1445 659 1504 commemorat
693 1446 725 1503 et
759 1440 876 1504 deiude
912 1440 1094 1518 historiam,
1130 1459 1231 1523 quam

119 1582 189 1646 cap.
222 1565 263 1626 45
297 1564 442 1647 reliquit,
474 1584 610 1630 narrare
641 1567 746 1650 pergit
769 1566 935 1648 usquead
958 1567 1059 1631 finem
1083 1586 1153 1649 cap.
1180 1567 1232 1630 65.

119 1690 146 1752 E
178 1690 298 1772 quibus
329 1690 557 1755 memorabilia
588 1692 671 1754 milri
692 1693 847 1755 videntur
870 1693 966 1756 hacc:
992 1691 1120 1757 Aeneas
1143 1711 1232 1765 auno

118 1815 260 1879 secundo
293 1821 366 1899 post
399 1816 499 1880 Ilium
532 1821 664 1900 captum
695 1818 825 1901 expleto
856 1816 1033 1881 Lavinium
1066 1819 1178 1883 condit
1200 1823 1233 1882 et

117 1959 206 2005 anno
241 1941 347 2024 primo
383 1942 601 2026 Trojauornm
637 1963 694 2007 rex
725 1949 783 2007 est.
811 1944 888 2007 Post
914 1946 1001 2007 huuc
1024 1963 1152 2006 anunm
1177 1944 1232 2007 de·

118 2067 224 2131 functi
255 2068 323 2151 jam
358 2069 468 2132 Latini
499 2088 599 2152 regno
630 2069 751 2151 potitus
783 2075 840 2147 est,
871 2067 1050 2147 „irrtntdpoo
1080 2073 1134 2141 τῆς
1163 2079 1231 2130 Λα·

117 2192 221 2266 ον’ίνίας
262 2191 420 2271 γενομένης
462 2193 544 2271 μετα
584 2194 633 2259 τὸν
673 2193 801 2258 Λατίνον
836 2192 958 2259 ίοίνατον
991 2192 1043 2258 καὶ
1078 2197 1128 2258 τοῦ
1164 2193 1232 2273 πρὸς

102 2315 328 2396 ἀστυγείτονας
363 2319 493 2398 πολέμου
526 2327 580 2394 τῆς
601 2319 782 2402 στρατηγίας
805 2318 920 2385 irasc?
946 2319 1069 2386 Deinde
1093 2322 1232 2385 Rutulo·

115 2465 191 2508 rum
215 2445 411 2511 seditionem
438 2468 505 2512 uon
529 2449 683 2531 primam,
697 2449 799 2512 ductu
816 2446 931 2527 Turni,
945 2449 1142 2530 transfugae,
1156 2468 1231 2512 con·
1255 2536 1258 2541 Ι

114 2571 239 2635 sobrini
263 2572 413 2651 Amatae,
437 2581 686 2654 commemorat,
710 2594 813 2658 quam
837 2581 969 2659 propter
981 2571 1142 2639 Laviniae
1154 2595 1231 2639 cum

116 2698 229 2763 Aenea
252 2703 384 2784 nuptias
405 2702 636 2766 commovisset
659 2721 800 2784 eumque
822 2721 899 2766 curu
921 2701 1095 2779 militibus
1109 2702 1230 2784 quibus
1270 2716 1271 2720 ’

113 2833 284 2910 praeesset,
319 2827 453 2891 Rutulis
483 2848 516 2892 se
545 2828 732 2911 adJ‘unxisse
756 2829 866 2893 tradit.
890 2828 1019 2893 Proelio
1042 2829 1228 2908 commisso,

114 2953 265 3031 Latinus,
288 2952 421 3017 Turnus
444 2954 608 3036 multique
627 2952 686 3016 alii
707 2955 906 3019 ceciderunt.
920 2953 1017 3020 Auno
1030 2958 1145 3037 quarto
1157 2960 1229 3038 post

113 3078 232 3141 Rutuli
266 3084 429 3142 renovant
459 3078 584 3143 bellum
617 3085 649 3143 et
680 3099 755 3142 cum
785 3080 827 3142 iis
851 3080 1042 3157 Mezentius,
1067 3100 1125 3143 rex
1148 3079 1229 3161 Tyr-

112 3203 301 3265 rhenorum.
326 3203 442 3286 Pugna
464 3204 569 3267 noctis
590 3204 782 3268 interventu
805 3204 902 3266 finita
922 3203 1050 3267 Aeneas
1063 3223 1226 3286 nusquam

112 3329 309 3412 comparuit,
345 3334 376 3392 et
412 3330 471 3392 alii
508 3349 583 3394 eum
619 3329 658 3392 ad
692 3328 767 3393 deos
799 3330 965 3413 migrasse,
998 3330 1057 3392 alii
1080 3330 1227 3409 flumine,

107 3456 206 3537 juxta
239 3454 328 3537 quod
360 3460 546 3538 pugnatum
583 3461 674 3531 esset,
707 3456 891 3519 demersum
925 3455 1086 3529 dicebaut,
1117 3455 1228 3518 Latini

111 3587 223 3644 autem
247 3581 278 3645 ei
300 3581 457 3645 sacellum
482 3582 718 3646 dedicaverunt
739 3583 799 3644 hac
821 3581 1033 3663 inscriptione
1052 3587 1226 3644 ornatum:

111 3704 234 3786 „Patri
259 3709 327 3772 Deo
349 3708 502 3791 Indigeti,
526 3709 584 3790 qui
607 3706 755 3770 Numicii
778 3707 887 3770 amuis
910 3708 1013 3770 undas
1036 3704 1227 3790 temperat.”

110 3833 202 3897 Haeo
235 3853 321 3898 auno
355 3834 494 3916 septimo
529 3840 601 3917 post
632 3834 733 3897 Ilium
766 3839 899 3916 captum
925 3835 1116 3898 factasunt.
1141 3836 1227 3899 Tan·

110 3959 185 4023 dem
224 3957 388 4032 Ascanius,
419 3965 517 4024 autea
547 3960 714 4042 Euryleon
748 3959 941 4042 appellatus,
968 3980 1069 4043 reguo
1103 3963 1226 4044 potitus

110 4092 167 4163 ast,
202 4105 222 4148 a
264 4087 423 4149 Mezentio
457 4093 568 4150 autam
605 4087 735 4148 Lavinii
772 4106 846 4149 cnm
882 4085 1033 4169 Trojanis
1066 4086 1224 4163 obsessus,

105 4215 175 4297 jam
207 4232 241 4275 se
273 4213 308 4274 in
340 4213 437 4275 fidem
470 4217 501 4276 et
531 4219 726 4295 potestatem
760 4213 893 4277 victoris
919 4214 1109 4294 permissuri
1136 4219 1224 4291 suut,

111 4358 226 4421 quum,
250 4338 493 4402 conditionibus
516 4340 608 4403 duris
631 4339 779 4416 cohibiti,
804 4340 956 4402 aninrum
982 4341 1163 4423 recipiunt3
1185 4360 1226 4404 ex
