2956 5040
776 386 816 446 96

236 593 345 660 classis
379 593 525 656 Evandri
560 592 730 655 conditum
766 598 824 668 est,
861 593 945 654 sicut
977 592 1124 654 Sextius:
1156 593 1199 654 ab
1235 591 1358 674 Argivo

233 723 428 803 juventute3
452 717 595 780 Catillus
616 719 716 794 enim,
742 716 934 798 Amphiarai
956 717 1044 779 filius
1057 717 1357 798 postprodigialem

239 845 341 925 patris
370 844 458 925 apud
488 843 617 906 Thebas
651 842 836 918 interitum,
863 839 948 904 Oilei
973 842 1028 903 avi
1048 844 1140 924 jussu
1166 861 1242 904 cunr
1269 842 1359 904 omni

238 969 308 1031 fetu
340 987 397 1032 ver
426 974 556 1031 saoru‘m
593 968 720 1041 missus,
747 972 811 1030 tres
840 967 960 1030 liberos
984 968 1018 1028 in
1043 966 1142 1028 Italia
1164 967 1358 1048 procreavit,

239 1093 432 1175 Tiburtum,
456 1090 588 1168 Coram,
609 1090 782 1167 Catillum,
804 1092 863 1172 qni
884 1091 1027 1173 depulsis
1040 1110 1081 1153 ex
1095 1090 1214 1171 oppido
1229 1090 1362 1153 Siciliae

239 1218 402 1281 veteribus
437 1217 565 1280 Sicanis
600 1235 620 1277 a
652 1217 787 1279 nomine
818 1215 951 1278 Tiburti
977 1216 1087 1278 fratris
1111 1221 1197 1278 natu
1225 1214 1365 1278 maximi

240 1342 355 1405 urbem
388 1339 622 1405 vocaverunt”.
656 1337 834 1421 Dionysius
862 1345 978 1402 narrat
1000 1340 1026 1416 I,
1053 1341 1110 1402 16:
1135 1339 1203 1416 „cic
1227 1338 1254 1402 δ’
1280 1334 1365 1411 darc}

240 1459 314 1528 οὖτοι
337 1462 569 1549 (κοδιερωθέντες
592 1463 646 1527 ὑπὸ
666 1466 722 1526 τῶν
741 1461 950 1548 Ἀβοριγίνων)
971 1460 1081 1542 χωρίων
1101 1465 1182 1526 τινῶν
1203 1468 1257 1536 τῆς
1277 1476 1363 1526 τολε-

241 1586 314 1667 μίοος
343 1585 515 1668 ἐκροίτκοοιν,
547 1589 578 1651 ἐκ
609 1591 660 1652 τοῦ
691 1585 915 1667 ἀσφαλεστέρου
946 1585 1000 1660 ἤδη
1028 1585 1078 1650 sci
1102 1587 1125 1651 ci
1148 1584 1242 1651 λοιποὶ
1268 1586 1361 1664 Ἀβο·

241 1718 356 1793 ριγῒνες,
387 1712 410 1776 οἱ
440 1711 566 1790 δεόμενοι
598 1721 665 1790 γῆς,
690 1719 743 1785 τῆς
766 1711 847 1776 κοντοὶ
868 1714 952 1793 σφοῖς
975 1708 1091 1775 ’ἕκαστον
1114 1709 1281 1792 ἐπεχείρουν
1302 1717 1363 1782 τοῖς

242 1835 360 1918 ὁμόροις·
383 1835 434 1901 κοιὶ
457 1835 556 1909 πόλεις
579 1835 697 1901 ἔκτισαν
720 1835 819 1908 ἄλλοις
842 1834 875 1900 τέ
900 1859 989 1909 τινος,
1013 1835 1065 1900 κοοὶ
1088 1834 1144 1908 τοὶς
1167 1834 1258 1916 μέχρι
1282 1835 1365 1899 τοῦδε

243 1959 421 2038 οἰκουμένας,
452 1958 662 2039 Ἀντεμνοίτοις
691 1985 725 2025 τε
755 1958 808 2025 ccl
832 1967 1005 2034 Τελληνεῖς,
1029 1959 1081 2024 sal
1107 1957 1278 2032 Φικολνέους
1300 1958 1365 2030 τοὺς

242 2085 310 2165 πρὸς
333 2091 395 2156 τοῖς
418 2084 606 2163 κοιλονμένοις
631 2086 791 2166 Κορνίκλοις
815 2083 896 2167 ὄρεσι,
920 2083 972 2150 sci
995 2085 1209 2166 Τιβουρτινονς,
1234 2086 1304 2165 παρ’
1325 2080 1363 2158 οἷς

243 2207 285 2273 ἔτι
308 2207 359 2274 κοιὶ
383 2210 422 2283 εἷς
447 2208 512 2274 sobe
535 2208 637 2291 χρόνον
662 2209 747 2291 μέρος
766 2234 794 2274 τι
812 2217 866 2284 τῆς
886 2209 996 2282 πόλεως
1008 2209 1184 2291 ὀνομάζεται·
1197 2209 1366 2274 Σικελίιον.”

287 2338 418 2400 Plinius
449 2339 551 2402 tradit
581 2336 667 2401 N.H.
693 2338 785 2414 XVI,
811 2336 892 2400 237:
917 2338 1094 2415 „Tiburtes
1116 2357 1249 2420 quoque
1272 2337 1369 2420 origi-

244 2481 320 2526 nem
356 2462 461 2526 multo
486 2467 565 2526 ante
589 2463 703 2526 urbem
727 2463 869 2526 Romam
895 2464 1029 2527 habent.
1055 2463 1151 2546 Apud
1174 2483 1228 2527 eos
1253 2469 1368 2528 extant

244 2588 335 2651 ilices
358 2594 423 2650 tres
446 2588 547 2651 etiam
573 2588 722 2652 Tiburno
743 2589 911 2653 conditore
931 2608 1045 2652 eorum
1060 2591 1268 2668 vetustiores,
1281 2590 1370 2672 apud

247 2731 331 2794 quos
352 2713 572 2795 inauguratus
596 2713 755 2790 traditur3
777 2713 875 2776 luisse
894 2718 1006 2777 autem
1020 2734 1097 2778 eum
1110 2716 1246 2778 tradunt
1258 2715 1368 2777 filium

248 2838 453 2920 Amphiarai,
473 2839 532 2920 qui
552 2838 640 2920 apud
658 2836 787 2902 Thebas
800 2839 919 2902 obierit
932 2859 1001 2902 una
1013 2846 1120 2903 aetate
1132 2847 1210 2903 ante
1224 2837 1370 2903 Iliacum

247 2962 406 3027 bellum''.
435 2964 619 3045 Porphyris
652 2972 762 3027 autem
790 2965 890 3028 tradit
912 2966 954 3028 ad
978 2965 1091 3028 Horat.
1116 2963 1228 3028 Carm.
1253 2962 1282 3042 Ι,
1311 2966 1374 3028 13:

247 3088 440 3165 „Tiburnus
474 3090 623 3152 conditor
654 3089 787 3152 Tiburis
820 3095 877 3166 est,
910 3093 1004 3172 cujus
1036 3091 1151 3153 fratres
1174 3087 1318 3152 Catillus
1343 3095 1376 3154 et

248 3211 358 3292 Coras,
382 3233 523 3296 quorum
549 3213 715 3297 Vergilius
738 3214 923 3293 meminit'',
944 3216 1065 3298 quibus
1078 3217 1188 3280 verbis
1200 3216 1375 3298 Vergilius

250 3340 347 3422 hujus
377 3338 508 3403 tabulae
536 3348 652 3404 auctor
682 3342 823 3404 indicari
854 3342 997 3405 videtur.
1027 3343 1162 3406 Servius
1187 3342 1262 3418 VII,
1290 3343 1375 3406 670:

249 3466 318 3542 „de
351 3464 489 3528 Graecia
524 3469 588 3528 tras
621 3466 737 3529 fratres
769 3473 933 3530 venerunt
965 3469 1005 3530 ad
1037 3467 1189 3530 ltaliam:
1214 3464 1371 3545 Catillus,

249 3587 361 3668 Coras,
392 3590 497 3653 Tibur
526 3591 580 3652 vel
603 3591 782 3654 Tiburnus.
806 3590 849 3653 Hi
874 3590 971 3654 simul
998 3611 1114 3656 omnes
1139 3611 1240 3656 unam
1265 3592 1374 3656 fecere

249 3714 418 3777 civitatem
444 3719 476 3777 et
499 3733 572 3777 eam
598 3715 637 3778 de
656 3715 768 3778 fratris
789 3716 922 3799 majoris
936 3715 1102 3800 (maximi)
1117 3717 1252 3779 nomine
1263 3715 1374 3780 Tibur

250 3840 513 3921 appellaverunt,
549 3840 627 3903 licat
663 3846 695 3904 et
731 3842 816 3904 alias
844 3842 983 3905 fecerint
1012 3841 1147 3923 singuli.
1171 3840 1270 3905 Nunc
1294 3861 1374 3925 ergo

251 3966 331 4028 dicit
361 3965 483 4049 (Verg.)
509 3965 587 4029 duos
611 3966 653 4028 ad
678 3966 764 4029 belle
790 3966 926 4043 venisse,
950 3966 1085 4030 dimisso
1108 3966 1142 4028 in
1170 3967 1308 4030 civitate
1331 3967 1375 4030 ad

251 4090 432 4152 custodiam
464 4089 603 4152 Tiburte
634 4090 688 4153 vel
712 4088 890 4153 Tiburn0'’
913 4095 944 4153 et
970 4090 1051 4153 672:
1075 4088 1260 4167 „Catillus
1285 4091 1376 4156 unde

253 4234 348 4277 mons
372 4212 486 4277 Catilli
510 4214 642 4293 dicitur,
665 4233 764 4296 quam
789 4211 961 4291 „Catelli”
982 4214 1096 4279 dicunt
1116 4235 1175 4298 per
1194 4219 1376 4300 corruptic-

253 4359 348 4417 nem;
372 4337 482 4418 Coras,
507 4359 527 4402 a
549 4341 640 4422 cujus
663 4342 800 4404 nomine
824 4346 872 4404 est
895 4341 1012 4404 civitas
1036 4341 1072 4403 in
1096 4339 1230 4404 Italia.”
