2956 5040
713 396 754 456 84

174 605 295 686 quibus
317 604 466 666 addenda
488 607 566 666 sunt
590 603 691 665 verba
717 601 857 665 Amatae
884 602 957 679 VII,
984 603 1065 665 365:
1091 603 1196 684 „quid
1218 622 1309 664 cura

175 729 312 810 antiqua
328 732 473 802 tuorum,
487 727 531 788 Et
544 727 784 808 consanguines
796 727 893 789 toties
907 727 981 789 dala
993 729 1126 790 dextera
1138 728 1253 790 Turno
1263 725 1298 788 ?’'

176 852 363 934 Latinique,
396 850 475 925 XII,
508 854 565 913 29:
589 849 728 928 „Victus
752 872 866 916 amore
890 853 950 929 tui,
976 857 1114 934 cognato
1137 852 1299 934 sanguine

175 977 311 1054 victus”,
337 977 497 1059 equibus
521 981 609 1059 patet
634 975 820 1058 Vergilium
841 977 954 1040 Turno
978 979 1135 1039 Daunum
1157 982 1297 1058 patrem,

176 1102 344 1166 Veniliarn
378 1107 528 1178 matrem,
559 1102 755 1165 Pilumnum
788 1122 892 1165 avum
916 1103 970 1166 vel
994 1103 1137 1165 abavum
1164 1109 1197 1165 ct
1223 1123 1298 1166 cum

176 1228 294 1291 Latino
318 1228 548 1310 cognationem
573 1229 768 1311 ascripsisse.
794 1225 855 1292 Sed
881 1227 1002 1291 Amata
1024 1247 1166 1310 quoque,
1191 1247 1296 1310 quum

175 1372 233 1434 pro
263 1352 375 1415 Turno
400 1352 594 1433 deprecatur
617 1354 752 1434 ejusque
777 1357 810 1414 et
834 1350 1100 1435 peregrinitatem
1124 1356 1157 1415 et
1181 1352 1311 1428 habilis

178 1481 279 1540 tatem
302 1477 415 1540 laudat
438 1477 569 1553 Latino,
594 1477 672 1540 dicit
698 1476 773 1552 VII,
799 1477 879 1541 371:
905 1478 977 1553 „Et
996 1477 1120 1554 Turno,
1140 1479 1168 1540 si
1188 1479 1299 1559 prima

177 1603 294 1665 domus
317 1608 486 1684 repetatur
509 1603 611 1685 origo,
636 1602 777 1666 Inachus
799 1601 1010 1684 Acrisiusque
1024 1608 1140 1684 patres,
1156 1604 1296 1666 mediae·

177 1747 239 1809 que
269 1727 461 1809 Mycenae''.
491 1729 645 1810 Fungens
677 1726 748 1790 vice
779 1729 892 1810 patris,
917 1732 1026 1792 aetate
1049 1729 1169 1808 gravis,
1194 1728 1301 1791 Rutu·

177 1852 284 1914 lorum
310 1871 367 1915 rex
390 1856 470 1928 erat,
493 1870 636 1933 quorum
661 1857 759 1933 caput
781 1851 898 1930 Ardea,
922 1842 998 1926 VII,
1011 1853 1093 1915 tol:
1115 1853 1301 1929 „Protinus

179 1976 254 2038 hinc
278 1976 377 2039 fuscis
401 1976 501 2038 tristis
525 1977 585 2039 dea
611 1975 760 2057 (Allecto)
786 1976 914 2038 tollitur
938 1976 1000 2038 alis
1021 1977 1163 2039 Audacia
1182 1975 1301 2038 Rutuli

178 2101 219 2163 ad
244 2121 365 2178 muros,
389 2120 491 2182 quam
515 2101 635 2164 dicitur
662 2102 775 2165 urbem
804 2100 989 2172 Acrisoneis
1013 2103 1127 2165 Danae
1147 2102 1301 2164 fundasse

178 2226 313 2304 colonis,
336 2227 515 2308 Praecipiti
539 2227 648 2290 delata
669 2226 765 2290 Noto.
788 2226 893 2289 Locus
914 2226 1024 2290 Ardea
1043 2227 1213 2308 quondam
1227 2227 1300 2289 Dic·

180 2354 232 2412 tus
256 2351 346 2427 avis,
371 2356 403 2414 et
426 2371 517 2414 nunc
539 2371 698 2433 magnum
714 2356 803 2415 tenet
818 2351 923 2415 Ardea
935 2372 1076 2430 nomen;
1089 2352 1152 2415 Sed
1166 2351 1301 2414 fortuna

177 2475 251 2538 fuit.
276 2474 384 2537 Tectis
408 2476 457 2537 his
480 2476 613 2538 Turnus
635 2476 670 2538 in
693 2476 771 2538 altis
790 2478 865 2540 lam
883 2478 1024 2540 mediam
1039 2477 1133 2560 nigra
1145 2478 1300 2558 carpebat

178 2602 274 2662 nocte
297 2596 476 2680 quietem.'’

223 2723 328 2786 Turni
355 2730 506 2801 stemma,
532 2718 733 2807 quamquam
759 2727 867 2808 ipsum
892 2746 968 2790 eum
993 2725 1076 2790 Cato
1099 2725 1135 2787 in
1155 2722 1301 2808 Origini·

179 2851 249 2927 bus,
274 2855 434 2933 utsupra
457 2852 614 2928 vidimus,
638 2858 888 2930 commemorat,
912 2872 932 2915 a
956 2852 1049 2915 nullo
1074 2852 1140 2915 alio
1162 2852 1300 2934 antiquo

179 2976 336 3058 scriptore
360 2977 423 3039 nisi
446 2997 466 3039 a
488 2979 524 3039 L.
550 2977 732 3060 Calpurnio
756 2978 877 3041 Pisone
902 2978 1003 3060 Frugi
1031 2977 1189 3040 traditum
1213 2978 1299 3040 vide·

179 3106 249 3178 tur;
273 3101 313 3164 cf.
339 3100 434 3165 Auct.
459 3101 498 3165 de
522 3122 568 3166 or.
591 3108 681 3185 gent.
707 3103 804 3166 Rom.
829 3121 899 3183 cap.
924 3103 962 3164 13
986 3101 1299 3184 (Krausepg.146):

179 3225 282 3303 „Piso
311 3228 446 3308 quidem
479 3228 630 3291 Turnum
666 3229 860 3291 matruelem
893 3227 992 3290 fuisse
1024 3226 1165 3290 Amatae
1189 3227 1300 3303 tradit,

178 3353 417 3435 interfectoque
448 3353 567 3418 Latino
599 3361 739 3417 mortem
773 3353 877 3434 ipsam
908 3352 1042 3414 sibimet
1073 3349 1301 3414 conscivisse.”

180 3478 251 3540 Hoc
283 3478 392 3559 ipsum
427 3478 469 3541 ad
499 3475 638 3560 Vergilii
669 3481 898 3541 commentum
929 3477 1138 3540 refutandum
1164 3476 1302 3539 sufficiat

178 3603 204 3664 si
240 3600 369 3685 probari
401 3603 500 3686 possit
532 3602 620 3684 quod
652 3603 787 3665 Servius
820 3607 959 3666 annotat
983 3603 1025 3664 ad
1049 3600 1133 3665 Aen.
1158 3600 1216 3678 VI,
1242 3601 1300 3664 90:

180 3726 314 3803 „Natus
348 3733 379 3791 et
408 3729 477 3809 ipse
509 3728 570 3791 dea
595 3728 617 3789 i.
640 3747 667 3790 e.
692 3728 732 3790 de
757 3727 899 3804 Venilia,
924 3746 1034 3791 sorore
1059 3724 1232 3789 Arnatae.”
1257 3725 1303 3788 Ut

177 3852 268 3914 enim
293 3852 425 3914 Turnus
449 3852 621 3915 matruelis
645 3857 727 3916 esset
753 3852 892 3915 Amatae
916 3871 981 3914 non
1008 3853 1076 3934 ejus
1101 3851 1222 3915 sororis
1248 3850 1302 3913 sed

178 3978 287 4039 fratris
310 3977 397 4040 filius
420 3996 487 4040 csse
511 3977 652 4055 deberet,
679 3998 756 4040 nam
783 3975 962 4041 secundum
985 3977 1141 4039 Servium
1162 3981 1194 4038 et
1206 3975 1301 4038 Pom·

176 4102 312 4183 ponium
346 4100 517 4179 Sabinum,
547 4102 691 4167 dicentes
723 4103 879 4166 Amatam
906 4103 1141 4183 Veniliamque
1167 4120 1301 4178 sorores,

178 4227 309 4290 Trrrnus
341 4227 479 4292 Amatae
510 4228 725 4293 consobrinus
755 4229 840 4291 suit·
862 4226 958 4307 Quod
982 4231 1095 4290 tamen
1121 4246 1139 4290 e
1163 4222 1301 4309 Vergilii

180 4354 371 4417 narratione
395 4373 461 4418 nou
490 4354 605 4436 liquet.
