2956 5040
687 366 727 427 25

148 573 226 636 urbs
260 570 374 654 Cyme,
414 577 528 656 portus
564 573 664 638 'Asiae
701 575 840 638 Minoris
879 575 1121 655 celeberrimus,
1162 582 1268 640 mater

147 698 341 777 Cumarum,
373 699 436 762 sita
467 703 515 761 est
545 698 681 781 etquid
706 704 845 763 naturae
870 700 973 780 magis
996 707 1265 780 consentaneum,

147 792 260 905 quam·
284 843 360 887 cnm
396 825 516 888 incolis
549 824 696 905 Sibyllae
733 825 893 887 vaticinia
926 844 1059 907 quoqne
1092 825 1270 907 migrasse?

148 947 239 1011 Haec
271 952 304 1011 et
334 967 410 1011 cum
443 948 486 1011 iis
517 945 629 1011 fabula
659 947 699 1010 de
730 946 842 1011 Aenea
873 945 987 1010 Cumis
1018 948 1159 1012 Romam
1183 950 1271 1012 tran-

149 1072 286 1136 cierunt.

193 1197 288 1261 Hanc
308 1197 443 1261 Miilleri
465 1197 657 1280 opinionem
679 1197 877 1260 recentiores
897 1197 1068 1280 scriptores
1086 1194 1126 1260 ob
1140 1197 1269 1261 easdem

148 1321 217 1384 fere
251 1339 365 1384 causas
398 1321 639 1384 refutaverunt.
674 1321 809 1384 Etenim
844 1340 911 1384 non
942 1327 1091 1385 constare
1123 1327 1270 1404 arguunt

150 1463 273 1508 nomen
299 1444 430 1509 Aeneae
453 1445 488 1507 in
512 1446 655 1509 oraculis
679 1443 853 1526 Sibyllinis
877 1446 994 1522 luisse;
1019 1465 1096 1508 nam
1121 1465 1206 1527 quae
1231 1447 1271 1509 de

151 1570 203 1632 his
227 1570 405 1650 Dionysius
430 1570 629 1652 Servinsquc
652 1576 799 1648 narrent,
824 1589 865 1632 ex
889 1570 983 1633 libris
1007 1571 1180 1651 Sybillinis
1199 1576 1271 1653 post

151 1691 305 1776 Capitolii
329 1694 521 1758 incendium
543 1694 670 1757 refectis
690 1695 808 1757 hausta
820 1713 898 1757 esse.
913 1694 1051 1771 Deinde,
1064 1713 1269 1776 quamquam

153 1818 319 1901 Apollinis
349 1817 458 1882 cultus
485 1838 545 1901 per
568 1819 774 1899 Sibyllinum
799 1820 971 1882 oraculum
996 1819 1138 1882 Romam
1163 1820 1272 1882 invec-

153 1944 276 2021 tussit,
297 1963 373 2007 cum
395 1963 434 2006 eo
455 1943 602 2007 tabulam
625 1944 664 2032 de
677 1943 791 2006 Aenea
803 1945 1015 2026 conjunctam
1028 1944 1127 2006 fuisse
1139 1943 1273 2007 demon·

153 2068 250 2129 strati
275 2087 341 2131 non
366 2086 469 2148 posse.
494 2065 645 2149 Denique
668 2068 816 2132 Aeneam
840 2087 906 2131 non
926 2067 1053 2130 Romae
1073 2068 1127 2130 sed
1141 2067 1272 2130 Lavinii

153 2192 355 2256 conditorem
391 2193 455 2256 dici
490 2196 523 2255 et
554 2192 688 2254 Lavinii
720 2190 885 2274 Apollinis
916 2191 1026 2254 cultus
1055 2210 1097 2254 ne
1132 2192 1272 2273 vestigia

153 2317 286 2399 quidem
306 2316 455 2399 reperiri.
477 2316 759 2397 Reprehensiones
772 2313 848 2380 illae
859 2335 927 2379 non
941 2316 1080 2379 minoris
1094 2316 1273 2379 momenti!

152 2439 226 2521 Quo
259 2442 357 2506 modo
389 2446 500 2505 tamen
526 2442 558 2503 hi
583 2442 829 2524 reprehensores
852 2440 1076 2522 quaestionem
1102 2440 1274 2504 enodarint

152 2585 242 2629 nunc
262 2566 333 2647 jam
359 2565 554 2629 videbimus.

196 2692 331 2774 Preller,
349 2691 390 2756 ll.
411 2692 453 2753 Μ.
474 2691 498 2773 I,
518 2709 567 2772 pg.
588 2691 653 2752 434
674 2710 731 2754 nos
754 2689 848 2753 docet
861 2685 1034 2772 Venerem,
1047 2690 1201 2772 neqnein
1216 2691 1275 2753 Sa-

152 2817 229 2878 liari
248 2816 396 2879 carmine
416 2834 523 2897 neque
542 2817 577 2878 in
598 2816 839 2899 Indigamentis
859 2820 1166 2892 commemoratam,
1188 2815 1275 2898 apud

153 2941 289 3005 Latinos
312 2944 416 3006 Deam
443 2943 536 3005 verni
561 2943 728 3024 temporis,
753 2944 789 3004 ut
810 2941 946 3006 Floram
972 2946 1004 3005 et
1029 2941 1218 3019 Feroniam,
1244 2946 1276 3003 et

154 3066 331 3143 societatis,
352 3068 631 3149 quemadmodum
654 3065 881 3144 Concordiam,
903 3067 1011 3142 fuisse,
1032 3085 1117 3147 quae
1136 3085 1276 3129 munera

155 3189 340 3254 confusioni
365 3211 441 3253 cnm
468 3190 648 3272 Aphrodite
667 3191 839 3269 Siciliensi,
852 3211 928 3255 cum
952 3190 1045 3274 cujus
1057 3191 1148 3254 cultu
1163 3191 1277 3254 fabola

156 3314 332 3398 conjuncta
355 3320 435 3391 erat,
459 3313 623 3378 faverunt.
648 3313 696 3378 cf.
722 3316 840 3379 Strabo
860 3316 900 3391 V,
923 3315 997 3394 232,
1017 3315 1103 3377 Plin.
1123 3315 1209 3377 N.H.
1224 3315 1276 3392 56,

157 3441 209 3502 57.
245 3440 300 3502 Sic
336 3437 464 3501 Aeneas
494 3439 626 3500 Lavinii
657 3438 857 3521 Ardeaeqae‚
890 3439 946 3502 ubi
978 3435 1116 3501 Veneris
1138 3438 1277 3501 Latinae

156 3564 265 3628 cultus
289 3568 368 3640 erat,
394 3563 552 3627 benevole
576 3568 726 3646 acceptus
751 3568 863 3644 postea
883 3564 917 3624 in
939 3564 1071 3626 Patrem
1086 3560 1276 3645 Indigitem,

156 3689 243 3772 apud
278 3687 474 3752 Numicium
510 3689 695 3766 adoratum,
734 3688 867 3750 transiit
901 3691 933 3750 et
965 3706 982 3750 e
1015 3693 1136 3750 natura
1164 3706 1276 3749 rerum

156 3815 254 3895 hujus
295 3810 469 3875 titulorum
514 3812 616 3889 heres,
652 3810 800 3875 conditor
835 3811 979 3886 Lavinii,
1016 3811 1136 3874 Vestae
1170 3810 1278 3873 cultus

156 3937 386 4018 Penatumqne
409 3936 503 4012 sedis,
524 3936 628 3998 factas
652 3941 709 3998 est.
735 3934 782 3999 Oi.
808 3931 825 3994 I
851 3935 893 3996 94
916 3938 948 3996 et
970 3931 1013 4008 II,
1037 3935 1096 3995 141
1120 3934 1158 3997 ci.
1179 3934 1277 3997 Dion.

157 4059 182 4136 l,
207 4060 260 4122 64.
285 4057 411 4123 Arnob.
436 4057 463 4137 l,
489 4060 541 4121 36.
566 4058 676 4122 Tibul.
700 4059 741 4136 II,
767 4061 796 4136 5,
817 4059 870 4120 43.
892 4056 989 4122 Ovid.
1010 4059 1086 4122 Met.
1100 4054 1188 4137 XIV,
1205 4059 1278 4120 588.

158 4187 265 4248 Roma
295 4184 422 4247 cultum
454 4184 550 4246 illum
576 4185 708 4265 recepit,
733 4184 814 4265 quia
838 4183 1016 4245 Lavinium
1041 4186 1073 4246 et
1095 4182 1223 4246 Rornae
1247 4186 1279 4245 et

160 4308 262 4373 Albae
285 4308 418 4390 Longae
439 4313 546 4370 mater
566 4308 751 4371 habebatur
770 4307 813 4385 Π,
837 4307 908 4384 161,
930 4306 992 4367 322
1014 4306 1054 4370 cf.
1068 4306 1172 4369 Varro
1192 4306 1227 4369 L.
1241 4306 1277 4370 L.
