2956 5040
701 435 740 496 99

161 652 232 711 erat
253 648 306 731 (cf.
330 646 403 710 Idu.
427 644 553 724 XXVI,
580 646 638 708 ll:
663 643 767 721 „inde
792 646 832 709 ad
856 645 968 709 lucum
993 646 1152 712 Feroniae
1171 650 1277 732 pergIt

162 773 220 851 ire,
254 771 414 857 templum
452 793 490 838 ea
522 776 715 855 tempestate
746 773 911 836 inclutum
935 773 1069 852 divitiis,
1093 774 1276 857 Capenates

162 897 283 982 aliique
317 900 446 963 accolae
480 901 549 981 ejus
585 897 711 974 erant”,
744 902 775 962 et
808 899 904 962 Dion.
931 898 989 977 ΙΙΙ,
1015 899 1072 962 32:
1096 899 1192 981 ,ἱερόν
1216 901 1277 964 ἐστι

162 1032 236 1104 αανῇ
272 1023 434 1102 τιμώμενον
469 1023 524 1087 ὑπὸ
559 1022 694 1100 Σαβίνων
728 1046 761 1086 τε
795 1020 846 1087 καί
882 1022 1024 1097 Λατίνων,
1056 1022 1138 1103 simos
1169 1026 1197 1089 ἐν
1220 1033 1277 1097 τοῖς

163 1148 249 1223 urive,
280 1150 345 1222 ίενῖς
378 1148 532 1224 Φερωνείας
564 1147 811 1233 δνομαζνμέννς”)
836 1156 893 1213 aut
915 1151 993 1228 Dea,
1019 1152 1109 1215 culta
1132 1153 1173 1214 ad
1196 1150 1277 1214 radi-

164 1294 215 1339 ces
246 1277 367 1339 montis
399 1275 550 1353 Soractis,
574 1280 633 1338 aut
656 1274 813 1359 Nympha
836 1276 885 1357 (cl.
910 1274 993 1339 Acro
1016 1277 1051 1338 in
1075 1276 1185 1340 Horat.
1211 1278 1276 1340 Sat.

164 1398 190 1480 Ι,
215 1407 245 1480 5,
271 1403 334 1465 at:
358 1402 519 1477 „Fanum
543 1401 702 1465 Feroniae
725 1406 772 1464 est
795 1400 830 1462 in
856 1402 953 1465 tertio
975 1401 1278 1467 miliarioaTerra·

165 1527 268 1606 cina''‚
294 1532 326 1592 et
349 1525 436 1590 Plin.
460 1522 544 1591 ΝΗ.
569 1524 612 1604 ΙΙ,
639 1527 718 1589 lto:
742 1523 811 1603 „In
836 1525 934 1589 ltalia
957 1527 1044 1590 iuter
1064 1527 1276 1592 Terracinam

167 1659 195 1716 ct
223 1653 338 1717 aedem
362 1651 555 1731 Feroniae’',
579 1658 612 1716 et
634 1653 725 1716 Serv.
750 1652 841 1731 VIII,
866 1654 948 1717 564:
971 1653 1158 1738 „Nympha
1181 1652 1278 1718 Gam-

168 1780 303 1860 paniae3
338 1780 417 1844 haee
450 1780 551 1844 etiam
585 1779 782 1843 libertorum
813 1780 873 1844 dea
904 1786 950 1844 est
982 1781 1018 1843 iu
1042 1783 1133 1864 cujus
1157 1782 1278 1864 templo

168 1922 235 1970 raso
259 1905 366 1988 capite
389 1905 514 1988 pileum
538 1903 785 1989 accipiebant’').

206 2028 256 2094 De
289 2028 429 2096 Caeculo
462 2036 495 2096 et
523 2032 563 2095 de
586 2031 762 2095 Praeneste
787 2038 896 2096 tamen
921 2033 1124 2115 antiquiores
1147 2031 1277 2096 fabulae

164 2155 489 2222 circumferebantur.
512 2156 667 2240 Legimus
692 2124 729 2219 in
753 2157 861 2221 Schol.
885 2157 1005 2223 Veron.
1026 2158 1067 2220 ad
1088 2152 1183 2240 Verg.
1197 2156 1278 2221 Aen.
1318 2194 1325 2209 ·

158 2280 235 2360 VII,
259 2282 340 2346 681:
363 2282 475 2360 „Oato
497 2283 544 2345 ait
569 2281 751 2347 Caeculum
772 2283 917 2365 virgines
937 2302 1057 2365 aquam
1077 2287 1224 2365 petentes
1244 2281 1277 2344 in

135 2403 228 2474 1000
258 2408 425 2472 invenisse
455 2408 594 2491 ideoque
625 2408 768 2472 Vulcani
800 2408 920 2492 [filium
953 2428 1030 2473 eum
1059 2408 1278 2491 ex]istimasse

121 2536 179 2597 et
215 2534 307 2618 quod
330 2534 441 2599 oculos
465 2535 600 2619 exiguos
624 2535 767 2613 haberet,
789 2533 969 2599 Caeculum
987 2535 1202 2617 appellatum,
1225 2535 1279 2597 hle

111 2661 355 2726 collecticiis
393 2662 579 2744 pastoribus
614 2663 729 2725 urbem
764 2662 939 2725 Praeneste
973 2659 1155 2738 fundavit'',
1191 2660 1278 2742 apud

98 2782 256 2851 Seru.
288 2784 371 2851 Aen.
403 2783 478 2864 VII,
503 2787 583 2849 682:
603 2786 713 2864 „Oato
736 2787 824 2865 dicit,
848 2787 928 2869 quia
947 2787 975 2849 ts
998 2784 1087 2850 loeus
1113 2786 1280 2850 montibus

98 2918 317 2992 praestet,
337 2913 513 2977 Praeneste
533 2914 652 2996 oppido
672 2932 793 2977 nomen
807 2913 916 2977 dedit'’
941 2919 974 2977 et
987 2911 1066 2975 678:
1080 2912 1162 2989 „lbi
1174 2912 1280 2996 (Prae-

98 3040 266 3123 nesse)
290 3044 385 3104 erant
407 3036 581 3103 Pontifices
605 3046 637 3103 et
660 3039 706 3102 dii
729 3039 895 3123 Indigetes
917 3040 1001 3103 sieut
1020 3040 1122 3102 etiam
1142 3038 1279 3102 Romae.

98 3157 272 3229 Erant
302 3165 404 3228 etiam
436 3164 501 3228 duo
532 3163 659 3241 iratres,
684 3165 743 3247 qui
767 3164 837 3226 divi
861 3165 1126 3247 appellabantur.
1150 3163 1278 3228 Horum

98 3304 255 3357 oror
280 3292 358 3356 dum
384 3292 426 3356 ad
445 3292 552 3357 locum
571 3292 705 3368 sederet,
726 3291 888 3356 dissilIeus
908 3291 1054 3354 scintilla
1067 3293 1136 3373 ejus
1150 3297 1280 3354 uterum

98 3418 336 3496 *el-cussit,
363 3408 460 3482 ¹unde
495 3415 615 3481 dicitur
645 3417 840 3500 concepisse.
873 3418 990 3481 Postea
1019 3417 1117 3481 enixa
1139 3435 1278 3498 puerum

98 3549 259 3608 uxta
282 3544 447 3627 templum
472 3544 564 3608 Jovis
584 3544 714 3627 abjecit,
726 3562 825 3626 quem
840 3542 981 3626 virgines
993 3548 1153 3625 aquatum
1167 3546 1282 3605 euntes

98 3674 258 3733 uxta
281 3669 394 3752 ignem
418 3669 595 3731 inventum
619 3668 833 3744 sustulerunt,
857 3668 915 3750 qui
939 3667 1067 3730 alonte
1087 3650 1299 3749 baudlonge¹

98 3800 245 3861 *rat
278 3795 344 3859 Hic
366 3800 477 3877 postea
500 3793 636 3858 collecta
661 3794 884 3873 multitudine,
908 3799 1079 3876 postquam
1104 3793 1160 3855 diu
1183 3794 1281 3857 latro·

98 3905 295 3985 *inatus
326 3926 383 3999 est,
408 3919 659 3983 Praenestinam
683 3920 850 3982 civitatem
875 3920 910 3981 in
936 3919 1102 3983 montibus
1125 3919 1280 3982 condidit.

98 4025 183 4098 Ξῖ
243 4066 319 4111 cum
356 4046 398 4108 ad
432 4045 525 4109 ludos
560 4046 687 4109 vicinos
720 4046 855 4131 populos
882 4048 1067 4126 invitasset,
1097 4047 1203 4129 coepit
1227 4066 1281 4110 eos

98 4158 303 4250 hortari,
329 4177 367 4236 ut
390 4191 501 4236 secum
527 4172 713 4236 habitarent
738 4179 770 4236 et
793 4192 850 4256 pro
870 4173 975 4256 gloria
993 4176 1115 4256 jactare
1127 4193 1160 4236 se
1173 4173 1281 4236 filiurn

101 4293 235 4358 e882
270 4295 420 4362 Vulcani.
457 4296 552 4378 Quod
586 4317 693 4380 quum
726 4298 776 4360 illi
814 4319 880 4363 non
915 4299 1091 4376 crederent,
1127 4300 1281 4363 invocato

117 4400 329 4502 Vulcano,
362 4429 400 4487 ut
433 4443 510 4490 eum
540 4423 647 4486 filium
680 4443 777 4486 suum
809 4424 1037 4507 comprobaret
1061 4425 1169 4487 omnis
1192 4423 1283 4487 illius
