2956 5040
597 685 646 760 X.

491 907 752 996 Messapus.

108 1360 203 1448 Verg.
239 1364 321 1430 Aen.
354 1363 428 1443 VII,
465 1366 546 1429 691:
579 1365 654 1443 „At
676 1365 851 1448 Messapus,
876 1384 999 1448 equum
1023 1365 1178 1442 domitor,

65 1489 234 1574 Neptunia
261 1491 379 1575 proles,
411 1489 519 1574 Quem
545 1511 652 1575 neque
676 1493 723 1555 fas
745 1492 815 1575 igni
839 1489 993 1575 cuiquam
1019 1509 1078 1555 nec
1100 1495 1178 1554 ster·

65 1635 141 1682 nere
170 1617 266 1696 ferro,
297 1619 371 1681 Jam
405 1618 531 1700 pridem
566 1619 687 1682 resides
707 1618 845 1701 populos
869 1619 1066 1700 desuetaque
1090 1618 1176 1683 bello

65 1741 208 1826 Agmina
230 1744 266 1806 in
288 1763 383 1807 arma
407 1748 503 1808 vocat
526 1744 646 1822 subito,
669 1744 858 1826 ferrumque
879 1743 1069 1807 retractat.”

107 1868 204 1934 Unde
245 1874 343 1953 potita
380 1871 566 1954 Messapum
608 1871 715 1949 illum,
751 1889 860 1961 regem
896 1869 1176 1936 Fescenninorum

64 1995 283 2078 aliorumque,
311 1994 466 2078 petiverit
490 1997 527 2059 in
552 1995 695 2060 tenebris
712 1997 809 2078 jacet.
832 1993 882 2059 Ne
905 1999 1177 2060 commentatores

64 2122 196 2204 quidem
229 2121 338 2186 lucem
374 2123 521 2187 afferunt
557 2119 690 2186 Servius
720 2140 805 2204 quac
835 2122 1010 2185 invenerat
1040 2123 1176 2204 repetit:

64 2247 155 2325 „Hic
176 2249 343 2332 Messapus
366 2267 424 2332 per
447 2268 539 2313 mare
562 2249 603 2313 ad
628 2246 762 2312 Italiam
786 2249 889 2312 venit.
913 2247 1008 2311 Unde
1028 2245 1176 2330 Neptuni

64 2371 169 2439 dictus
192 2379 240 2438 est
261 2374 358 2453 filius,
382 2394 484 2458 quem
506 2374 790 2440 invulnerabilem
809 2375 883 2439 ideo
903 2374 993 2454 dicit,
1006 2375 1175 2456 quianus·

64 2519 163 2583 quam
198 2499 297 2583 periit
329 2519 390 2565 nac
423 2501 460 2564 in
495 2499 594 2567 bello.
625 2501 737 2584 Ignem
770 2506 883 2565 autem
914 2501 945 2565 ei
968 2520 1083 2566 nocere
1106 2521 1174 2565 non

62 2645 151 2709 posse
181 2631 314 2709 propter
343 2626 536 2711 Neptunum
560 2627 650 2705 dicit,
674 2627 732 2710 qui
752 2645 914 2710 aquarum
938 2626 1097 2691 deusest.
1121 2626 1174 2691 Ab

63 2751 121 2818 hoc
152 2753 283 2816 Ennius
298 2741 386 2816 'dicit
407 2771 441 2816 se
463 2753 623 2836 originem
647 2751 795 2816 duccre.’'
817 2753 946 2816 Ennius
970 2756 1081 2817 tamen
1104 2754 1174 2836 ipse

62 2879 240 2944 cecinerat:
263 2877 358 2956 „Nos
380 2878 488 2942 sumu’
511 2878 665 2957 Romani,
690 2877 745 2962 qui
769 2878 894 2942 fuimus
913 2884 990 2944 ante
1010 2878 1175 2959 Rudini'’;

58 3004 172 3087 itaque
202 3004 241 3069 de
272 3005 420 3088 Messapo
453 3005 620 3089 cogitavit,
653 3006 712 3089 qui
743 3024 864 3069 nomen
887 3024 983 3068 suum
1007 3005 1175 3089 Messapiis

56 3129 157 3209 dedit,
187 3131 225 3194 cl.
257 3130 364 3195 Strab.
393 3129 454 3209 IX,
488 3131 562 3210 405,
592 3131 680 3195 Plin.
712 3126 798 3195 N.H.
830 3129 889 3209 III,
920 3131 971 3210 99,
1004 3132 1109 3196 Solin.
1130 3131 1173 3210 II,

56 3255 111 3320 12.
135 3253 247 3338 Quum
270 3258 376 3339 pergit
399 3257 552 3321 Servius:
577 3257 694 3335 „unde
720 3256 774 3339 (ab
797 3255 916 3341 Ennio)
936 3277 1026 3321 nunc
1046 3262 1079 3321 et
1099 3277 1173 3322 can·

52 3387 166 3447 tantas
200 3383 326 3447 inducit
356 3386 426 3466 ejus
456 3383 557 3447 socios
589 3390 622 3447 et
653 3402 707 3448 eos
731 3388 900 3466 comparat
922 3382 1064 3465 cycnis”,
1090 3385 1173 3447 mihi

51 3529 168 3574 errare
203 3510 342 3573 videtur.
376 3509 418 3572 Hi
450 3510 539 3572 enirn
571 3511 651 3573 socii
682 3529 749 3573 non
780 3529 821 3573 ex
850 3510 959 3572 Ennio
989 3509 1044 3573 sed
1074 3510 1171 3574 eFe-

50 3638 224 3703 scenninis
247 3639 325 3720 ipsis
337 3636 533 3714 „canentes”
547 3638 709 3701 nominati
726 3638 809 3700 mihi
823 3638 985 3714 videntur,
999 3637 1172 3720 dequibus

48 3761 127 3846 ipse
150 3768 286 3826 annotat
311 3763 392 3825 695:
412 3763 661 3839 „Fescennium
684 3763 840 3845 oppidum
861 3769 918 3841 est,
939 3761 995 3827 ubi
1008 3763 1172 3846 nuptialia
1231 3839 1236 3847 .

47 3888 197 3952 inventa
227 3894 304 3951 sunt
326 3884 503 3966 carmina’',
527 3889 567 3952 de
591 3889 712 3971 quibus
737 3889 895 3952 Horatius
917 3889 1088 3971 scripserat
1110 3889 1170 3972 Ep.

49 4007 102 4090 II,
130 4014 158 4091 1,
186 4014 264 4076 145:
289 4011 520 4090 „Fescennina
539 4033 597 4096 per
621 4015 707 4077 hunc
732 4015 862 4078 invecta
885 4014 1020 4077 licentia
1044 4034 1168 4078 morem

54 4140 192 4220 (messes
214 4140 405 4223 celebratas)
427 4139 583 4203 Versibus
604 4140 739 4204 alternis
752 4140 908 4223 opprobia
921 4141 1041 4203 rustica
1053 4140 1170 4204 fudit.''

104 4266 156 4329 Sic
179 4267 316 4349 Messapi
339 4286 461 4330 nomen
482 4286 593 4329 rursus
615 4267 735 4330 exalia
748 4266 861 4331 fabula
873 4267 1050 4350 depromsit
1062 4272 1168 4349 poeta.
