2956 5040
820 350 860 408 58

280 578 372 636 pessos
402 555 523 629 πλησίον
544 558 600 620 σῶα
622 555 755 620 Ὠστίαν
777 555 829 620 καί
852 560 905 621 τσῦ
926 554 1062 637 Τιβέριος
1084 553 1181 629 ἠϊόνος,
1206 553 1307 635 μίκρσι
1328 552 1396 634 ὑπὲρ

280 687 333 754 τῆς
355 680 505 754 ίαλιίσσας
529 678 591 746 ὅσοι
613 683 641 747 ἐι
665 680 799 762 τέτταρσι
823 679 874 746 καί
897 678 982 747 είκσσι
1005 680 1132 752 σταδίοις
1155 679 1252 744 κτίσαι
1281 680 1396 759 stum,

282 815 314 870 et
343 805 464 869 ibidem
497 811 621 890 postea:
645 855 664 884 ,,
675 805 833 879 νικήσαντα
860 804 1014 892 (Αἰνείαν)
1042 805 1068 869 δ’
1092 805 1152 870 cirri
1175 811 1228 879 τῆς
1253 804 1397 885 θυγατρὸς

283 930 437 1004 Αααιίνίας
456 931 604 1009 daciscum
616 931 713 996 κτίσαι
725 931 846 1007 πλησίον
860 931 974 1012 σίλιι”,
987 934 1107 1016 quibus
1120 934 1200 997 loeis
1211 933 1398 1016 adjicienda

283 1063 332 1123 est
356 1059 476 1122 Donati
499 1061 664 1124 sententia
687 1062 775 1142 apud
796 1062 886 1126 Serv.
910 1061 951 1124 ad
972 1060 1053 1124 Aen.
1075 1057 1133 1138 XI,
1146 1059 1228 1122 316:
1250 1079 1397 1142 „agrum

283 1200 381 1265 quem
407 1179 545 1247 Latinus
567 1184 689 1249 donare
712 1205 746 1249 se
769 1185 910 1268 disponit
934 1205 1002 1249 esse
1026 1186 1059 1258 in
1085 1183 1281 1268 Campania,
1300 1187 1400 1267 juxta

284 1308 438 1373 Ufentem
464 1307 634 1376 fluvium.'’

329 1434 377 1499 De
401 1434 450 1498 his
474 1436 720 1500 narrationibus
742 1436 904 1501 nonnulla
925 1442 1004 1500 sunt
1027 1435 1241 1501 observanda.
1266 1433 1402 1500 Cassius

286 1567 318 1625 et
349 1559 430 1625 (lato
460 1562 500 1625 de
521 1564 675 1645 jugerum
701 1582 839 1627 numero
863 1561 1070 1640 dissentiunt,
1094 1567 1299 1625 nontamen
1323 1561 1401 1641 loci,

287 1687 345 1752 ubi
378 1692 484 1752 castra
518 1688 657 1772 Trojano
693 1689 833 1766 fueraut,
870 1690 1073 1753 mentionem
1109 1688 1243 1753 faciunt.
1276 1685 1402 1770 Diony·

285 1813 353 1877 sius
383 1813 514 1878 eadem:
546 1813 603 1891 „cd
633 1810 726 1894 πρίσω
756 1817 812 1877 σῶν
841 1812 976 1890 ἐμβαλῶν
1008 1817 1059 1877 τοῦ
1089 1811 1253 1894 Τιβέρισῌζ
1279 1815 1402 1878 Strabo

286 1935 354 2016 „sio
388 1935 549 2017 Λαύρεισσν
583 1940 703 2011 saucios
736 1942 792 2002 τῶν
822 1936 953 2002 'noctua
983 1937 1032 2002 καί
1056 1942 1106 2002 τοῦ
1130 1936 1262 2019 Τιβέριος
1287 1937 1403 2011 diosa?

285 2063 409 2127 dicunt.
443 2062 546 2146 Regio
579 2069 688 2128 tamen
720 2065 807 2128 inter
830 2063 957 2129 Tiberis
981 2066 1100 2129 ostium
1127 2070 1159 2129 et
1181 2066 1402 2144 Laurentum,

285 2189 396 2252 latini
417 2188 537 2267 sedem,
561 2208 668 2272 neque
693 2187 777 2254 DOO
801 2209 907 2273 neque
931 2187 1093 2274 D'jugera
1112 2189 1270 2255 continet.
1291 2190 1403 2274 Regio

286 2312 346 2376 illa
379 2313 414 2376 in
447 2313 691 2396 longitudinem
722 2315 833 2380 decem
868 2315 974 2394 millia
995 2335 1151 2398 passuum
1178 2316 1284 2393 habet,
1311 2320 1347 2379 at
1373 2313 1404 2376 D

286 2440 339 2503 vel
371 2437 455 2505 odd
483 2438 598 2524 jugera
620 2440 792 2505 duodecim
816 2441 871 2505 vel
893 2441 1113 2523 septendecim
1138 2440 1205 2504 fere
1229 2439 1339 2504 millia
1364 2443 1403 2506 in

285 2565 494 2630 latitudinem
520 2571 668 2650 poscunt.
692 2565 771 2631 (lato
795 2570 905 2632 autem
930 2567 1019 2630 huno
1041 2586 1160 2648 agrum
1182 2567 1268 2629 inter
1290 2573 1405 2632 castra

285 2690 428 2776 Trojana
447 2697 479 2756 et
490 2692 693 2757 Laurentum
707 2693 827 2775 posuit.
839 2693 1018 2756 Lavinium
1031 2697 1208 2776 praeterea,
1221 2711 1308 2774 quae
1322 2695 1405 2758 urbs

286 2818 321 2879 in
343 2817 402 2881 hoc
422 2836 499 2901 agro
511 2818 653 2896 condita,
666 2818 707 2881 ad
723 2823 848 2901 partem
863 2818 1112 2883 meridionalem
1126 2819 1282 2882 Laurenti
1297 2821 1404 2883 situm

285 2946 342 3020 est,
377 2943 463 3024 quod
499 2943 608 3006 verbis
638 2941 774 3007 (latonia
801 2948 973 3026 repugnat,
996 2944 1062 3006 nisi
1084 2943 1295 3008 concedimus
1320 2963 1403 3008 eum

284 3066 348 3131 sibi
371 3073 477 3137 castra
500 3067 641 3151 Trojano
662 3087 729 3132 non
750 3068 792 3132 ad
811 3069 940 3132 Tiberis
952 3069 1074 3132 ostium
1088 3069 1142 3133 sed
1154 3069 1241 3132 circa
1254 3067 1403 3134 Ardeam

284 3195 425 3260 linxisse.
449 3195 546 3260 Hisce
569 3196 701 3277 adjectis
726 3214 811 3278 quae
837 3195 953 3260 Strabo
977 3197 1017 3273 V,
1044 3196 1073 3273 3,
1099 3200 1117 3259 5
1139 3204 1404 3261 commemorat:

285 3316 374 3398 „loss
397 3319 428 3383 δὲ
451 3317 502 3384 καί
524 3317 636 3393 ταύτης
662 3318 825 3406 (Apidano)
852 3319 974 3394 πλησίοι
996 3318 1189 3401 Ἀφροδίσιον,
1213 3318 1282 3384 ίσσυ
1302 3343 1404 3395 παια-

283 3442 425 3526 puplicum
448 3446 590 3511 Λατῐισι”
613 3454 645 3511 et
668 3445 815 3511 Cassius:
836 3454 981 3525 „castra
996 3447 1054 3510 ubi
1074 3446 1153 3509 dum
1167 3446 1403 3525 simulacrum,

284 3573 371 3656 quod
394 3592 503 3638 secum
529 3593 546 3636 e
569 3571 679 3637 Sicilia
700 3574 877 3637 advexerat
900 3573 1027 3636 dedicat
1051 3568 1167 3635 Veneri
1189 3572 1298 3648 matri,
1313 3591 1404 3655 quae

285 3698 444 3780 Ἀφροδίτα
475 3698 629 3779 dicitur”,
660 3719 725 3764 non
750 3699 930 3762 fallimini
958 3698 1078 3775 videor,
1103 3700 1130 3761 si
1154 3699 1292 3781 conjicio
1317 3698 1404 3763 duas

285 3824 413 3890 fabulas
443 3828 483 3891 de
514 3826 584 3891 loco
615 3845 680 3909 quo
715 3827 843 3889 Aeneas
865 3825 1046 3908 appulisset
1069 3824 1227 3901 extitisse,
1250 3842 1401 3906 quarum

283 3953 387 4016 altera
419 3971 517 4035 prope
549 3950 676 4016 Tiberis
705 3952 825 4016 ostium
850 3951 972 4028 littora,
996 3951 1113 4026 altera,
1137 3968 1241 4031 eaque
1265 3949 1402 4014 fortasse

284 4079 460 4161 antiquior,
484 4079 648 4161 regionem
672 4098 770 4161 prope
794 4077 936 4141 Ardeam
961 4075 1131 4149 indicavit.

326 4204 546 4269 Transeuntes
569 4205 611 4268 ad
633 4203 892 4286 disquisitionem
918 4223 1028 4267 rerum
1053 4203 1088 4266 in
1112 4204 1206 4266 Latio
1228 4207 1398 4285 gestarum

284 4334 357 4414 post
382 4329 511 4396 Aeneae
534 4331 726 4408 adventum,
750 4329 953 4394 narrationes
978 4329 1072 4393 valde
1095 4328 1245 4394 contusas
1265 4329 1398 4393 offendi·
