<?xml version="1.0" encoding="UTF-8"?>
<!DOCTYPE html PUBLIC "-//W3C//DTD XHTML 1.0 Transitional//EN"
    "http://www.w3.org/TR/xhtml1/DTD/xhtml1-transitional.dtd">
<html xmlns="http://www.w3.org/1999/xhtml" xml:lang="en" lang="en">
 <head>
  <title>
</title>
<meta http-equiv="Content-Type" content="text/html;charset=utf-8" />
  <meta name='ocr-system' content='tesseract 3.04.00' />
  <meta name='ocr-capabilities' content='ocr_page ocr_carea ocr_par ocr_line ocrx_word'/>
</head>
<body>
  <div class='ocr_page' id='page_1' title='image "./quaestionesdefa00kindgoog_0134.png"; bbox 0 0 2956 5040; ppageno 0'>
   <div class='ocr_carea' id='block_1_1' title="bbox 184 101 1290 223">
    <p class='ocr_par' dir='ltr' id='par_1_1' title="bbox 184 101 1290 223">
     <span class='ocr_line' id='line_1_1' title="bbox 184 101 1290 223; baseline -0.004 -19"><span class='ocrx_word' id='word_1_1' title='bbox 184 159 240 204; x_wconf 87' lang='lat' dir='ltr'>seu</span> <span class='ocrx_word' id='word_1_2' title='bbox 264 138 345 223; x_wconf 84' lang='lat' dir='ltr'><strong>App.</strong></span> <span class='ocrx_word' id='word_1_3' title='bbox 370 137 549 203; x_wconf 83' lang='lat' dir='ltr'>Claudium</span> <span class='ocrx_word' id='word_1_4' title='bbox 562 101 741 218; x_wconf 87' lang='lat' dir='ltr'>mavultis,</span> <span class='ocrx_word' id='word_1_5' title='bbox 764 138 815 202; x_wconf 94' lang='lat' dir='ltr'>illi</span> <span class='ocrx_word' id='word_1_6' title='bbox 838 137 967 221; x_wconf 81' lang='lat' dir='ltr'>antiqui</span> <span class='ocrx_word' id='word_1_7' title='bbox 988 138 1119 221; x_wconf 86' lang='lat' dir='ltr'>patricii</span> <span class='ocrx_word' id='word_1_8' title='bbox 1139 138 1174 201; x_wconf 93' lang='lat' dir='ltr'>in</span> <span class='ocrx_word' id='word_1_9' title='bbox 1194 157 1290 202; x_wconf 92' lang='lat' dir='ltr'>snum</span> 
     </span>
    </p>
   </div>
   <div class='ocr_carea' id='block_1_2' title="bbox 170 263 1296 2619">
    <p class='ocr_par' dir='ltr' id='par_1_2' title="bbox 170 263 1296 2619">
     <span class='ocr_line' id='line_1_2' title="bbox 184 263 1294 350; baseline -0.005 -20"><span class='ocrx_word' id='word_1_10' title='bbox 184 285 361 330; x_wconf 88' lang='lat' dir='ltr'>numerum</span> <span class='ocrx_word' id='word_1_11' title='bbox 395 266 622 350; x_wconf 86' lang='lat' dir='ltr'>acceperunt.”</span> <span class='ocrx_word' id='word_1_12' title='bbox 654 266 787 330; x_wconf 79' lang='lat' dir='ltr'><strong>Tacitus</strong></span> <span class='ocrx_word' id='word_1_13' title='bbox 819 266 877 330; x_wconf 93' lang='lat' dir='ltr'>ubi</span> <span class='ocrx_word' id='word_1_14' title='bbox 908 270 1021 328; x_wconf 88' lang='lat' dir='ltr'>narrat</span> <span class='ocrx_word' id='word_1_15' title='bbox 1052 263 1140 327; x_wconf 88' lang='lat' dir='ltr'>Ann.</span> <span class='ocrx_word' id='word_1_16' title='bbox 1172 263 1231 343; x_wconf 93' lang='lat' dir='ltr'>IV,</span> <span class='ocrx_word' id='word_1_17' title='bbox 1257 265 1294 326; x_wconf 82' lang='lat'>9:</span> 
     </span>
     <span class='ocr_line' id='line_1_3' title="bbox 182 389 1294 475; baseline -0.002 -20"><span class='ocrx_word' id='word_1_18' title='bbox 182 392 391 472; x_wconf 79' lang='lat' dir='ltr'>„Memoriae</span> <span class='ocrx_word' id='word_1_19' title='bbox 421 392 519 456; x_wconf 83' lang='lat' dir='ltr'>Drusi</span> <span class='ocrx_word' id='word_1_20' title='bbox 550 393 664 457; x_wconf 89' lang='lat' dir='ltr'>eadem</span> <span class='ocrx_word' id='word_1_21' title='bbox 688 411 773 475; x_wconf 86' lang='lat' dir='ltr'>quae</span> <span class='ocrx_word' id='word_1_22' title='bbox 795 393 830 455; x_wconf 93' lang='lat' dir='ltr'>in</span> <span class='ocrx_word' id='word_1_23' title='bbox 853 389 1090 455; x_wconf 87' lang='lat' dir='ltr'>Germanicum</span> <span class='ocrx_word' id='word_1_24' title='bbox 1114 391 1294 454; x_wconf 89' lang='lat' dir='ltr'>decernun-</span> 
     </span>
     <span class='ocr_line' id='line_1_4' title="bbox 182 516 1294 603; baseline -0.002 -20"><span class='ocrx_word' id='word_1_25' title='bbox 182 525 246 598; x_wconf 88' lang='lat' dir='ltr'>tur,</span> <span class='ocrx_word' id='word_1_26' title='bbox 279 519 439 603; x_wconf 88' lang='lat' dir='ltr'>plerisque</span> <span class='ocrx_word' id='word_1_27' title='bbox 473 519 602 598; x_wconf 87' lang='lat' dir='ltr'>additis,</span> <span class='ocrx_word' id='word_1_28' title='bbox 635 523 672 582; x_wconf 87' lang='lat' dir='ltr'>ut</span> <span class='ocrx_word' id='word_1_29' title='bbox 702 519 805 583; x_wconf 85' lang='lat' dir='ltr'>ferme</span> <span class='ocrx_word' id='word_1_30' title='bbox 836 522 927 582; x_wconf 85' lang='lat' dir='ltr'>amat</span> <span class='ocrx_word' id='word_1_31' title='bbox 952 518 1112 601; x_wconf 80' lang='lat' dir='ltr'><strong>posterior</strong></span> <span class='ocrx_word' id='word_1_32' title='bbox 1135 516 1294 581; x_wconf 79' lang='lat' dir='ltr'>adulatio.</span> 
     </span>
     <span class='ocr_line' id='line_1_5' title="bbox 178 644 1294 729; baseline 0 -21"><span class='ocrx_word' id='word_1_33' title='bbox 178 646 295 709; x_wconf 85' lang='lat' dir='ltr'>Funus</span> <span class='ocrx_word' id='word_1_34' title='bbox 324 645 511 729; x_wconf 84' lang='lat' dir='ltr'>imaginum</span> <span class='ocrx_word' id='word_1_35' title='bbox 542 664 663 729; x_wconf 82' lang='lat' dir='ltr'>pompa</span> <span class='ocrx_word' id='word_1_36' title='bbox 686 646 833 709; x_wconf 87' lang='lat' dir='ltr'>maxime</span> <span class='ocrx_word' id='word_1_37' title='bbox 855 645 984 708; x_wconf 84' lang='lat' dir='ltr'>illustre</span> <span class='ocrx_word' id='word_1_38' title='bbox 1006 644 1079 722; x_wconf 87' lang='lat' dir='ltr'>fuit,</span> <span class='ocrx_word' id='word_1_39' title='bbox 1103 663 1179 708; x_wconf 90' lang='lat' dir='ltr'>oum</span> <span class='ocrx_word' id='word_1_40' title='bbox 1203 644 1294 725; x_wconf 86' lang='lat' dir='ltr'>origo</span> 
     </span>
     <span class='ocr_line' id='line_1_6' title="bbox 177 748 1296 855; baseline -0.002 -21"><span class='ocrx_word' id='word_1_41' title='bbox 177 771 300 835; x_wconf 92' lang='lat' dir='ltr'>Italiae</span> <span class='ocrx_word' id='word_1_42' title='bbox 330 773 437 855; x_wconf 87' lang='lat' dir='ltr'>gentis</span> <span class='ocrx_word' id='word_1_43' title='bbox 468 771 596 836; x_wconf 82' lang='lat' dir='ltr'>Aeneas</span> <span class='ocrx_word' id='word_1_44' title='bbox 624 748 802 854; x_wconf 89' lang='lat' dir='ltr'>omnesque</span> <span class='ocrx_word' id='word_1_45' title='bbox 825 770 1031 836; x_wconf 89' lang='lat' dir='ltr'>Albanorum</span> <span class='ocrx_word' id='word_1_46' title='bbox 1055 788 1145 852; x_wconf 85' lang='lat' dir='ltr'>reges</span> <span class='ocrx_word' id='word_1_47' title='bbox 1168 776 1201 834; x_wconf 91' lang='lat' dir='ltr'>et</span> <span class='ocrx_word' id='word_1_48' title='bbox 1223 789 1296 834; x_wconf 87' lang='lat' dir='ltr'>con-</span> 
     </span>
     <span class='ocr_line' id='line_1_7' title="bbox 176 895 1295 981; baseline -0.001 -20"><span class='ocrx_word' id='word_1_49' title='bbox 176 897 266 962; x_wconf 86' lang='lat' dir='ltr'>dItor</span> <span class='ocrx_word' id='word_1_50' title='bbox 289 900 380 964; x_wconf 89' lang='lat' dir='ltr'>urbis</span> <span class='ocrx_word' id='word_1_51' title='bbox 406 896 580 974; x_wconf 82' lang='lat' dir='ltr'>Romulus,</span> <span class='ocrx_word' id='word_1_52' title='bbox 604 903 676 981; x_wconf 88' lang='lat' dir='ltr'>post</span> <span class='ocrx_word' id='word_1_53' title='bbox 699 899 823 963; x_wconf 87' lang='lat' dir='ltr'>Sabina</span> <span class='ocrx_word' id='word_1_54' title='bbox 845 898 1010 976; x_wconf 83' lang='lat' dir='ltr'>nobilitas,</span> <span class='ocrx_word' id='word_1_55' title='bbox 1034 897 1132 961; x_wconf 86' lang='lat' dir='ltr'>Attus</span> <span class='ocrx_word' id='word_1_56' title='bbox 1155 895 1295 961; x_wconf 77' lang='lat' dir='ltr'>Clausus</span> 
     </span>
     <span class='ocr_line' id='line_1_8' title="bbox 176 1019 1295 1107; baseline -0.002 -20"><span class='ocrx_word' id='word_1_57' title='bbox 176 1027 371 1107; x_wconf 87' lang='lat' dir='ltr'>ceteraeque</span> <span class='ocrx_word' id='word_1_58' title='bbox 405 1023 616 1089; x_wconf 80' lang='lat' dir='ltr'>Claudiorum</span> <span class='ocrx_word' id='word_1_59' title='bbox 649 1025 768 1107; x_wconf 81' lang='lat' dir='ltr'>effigias</span> <span class='ocrx_word' id='word_1_60' title='bbox 791 1023 887 1106; x_wconf 86' lang='lat' dir='ltr'>longo</span> <span class='ocrx_word' id='word_1_61' title='bbox 913 1023 1026 1088; x_wconf 88' lang='lat' dir='ltr'>ordine</span> <span class='ocrx_word' id='word_1_62' title='bbox 1050 1019 1295 1105; x_wconf 62' lang='lat' dir='ltr'>spectarentuff&#39;</span> 
     </span>
     <span class='ocr_line' id='line_1_9' title="bbox 176 1147 1295 1234; baseline 0 -21"><span class='ocrx_word' id='word_1_63' title='bbox 176 1155 212 1213; x_wconf 90' lang='lat' dir='ltr'>et</span> <span class='ocrx_word' id='word_1_64' title='bbox 247 1149 335 1213; x_wconf 89' lang='lat' dir='ltr'>Ann.</span> <span class='ocrx_word' id='word_1_65' title='bbox 366 1150 426 1228; x_wconf 88' lang='lat' dir='ltr'>XI,</span> <span class='ocrx_word' id='word_1_66' title='bbox 462 1152 520 1214; x_wconf 79' lang='lat'>24:</span> <span class='ocrx_word' id='word_1_67' title='bbox 552 1152 718 1234; x_wconf 87' lang='lat' dir='ltr'>„Maj0res</span> <span class='ocrx_word' id='word_1_68' title='bbox 749 1151 825 1229; x_wconf 92' lang='lat' dir='ltr'>mei,</span> <span class='ocrx_word' id='word_1_69' title='bbox 850 1149 909 1231; x_wconf 87' lang='lat' dir='ltr'>(sic</span> <span class='ocrx_word' id='word_1_70' title='bbox 931 1147 1089 1212; x_wconf 81' lang='lat' dir='ltr'>Claudius</span> <span class='ocrx_word' id='word_1_71' title='bbox 1112 1149 1295 1232; x_wconf 82' lang='lat' dir='ltr'>Imperator</span> 
     </span>
     <span class='ocr_line' id='line_1_10' title="bbox 174 1273 1294 1361; baseline -0.003 -22"><span class='ocrx_word' id='word_1_72' title='bbox 174 1276 339 1361; x_wconf 89' lang='lat' dir='ltr'>quuitur)</span> <span class='ocrx_word' id='word_1_73' title='bbox 373 1296 516 1360; x_wconf 88' lang='lat' dir='ltr'>quorum</span> <span class='ocrx_word' id='word_1_74' title='bbox 551 1277 798 1359; x_wconf 89' lang='lat' dir='ltr'>antiquissimus</span> <span class='ocrx_word' id='word_1_75' title='bbox 827 1273 978 1354; x_wconf 82' lang='lat' dir='ltr'>Clausus,</span> <span class='ocrx_word' id='word_1_76' title='bbox 1006 1273 1130 1358; x_wconf 88' lang='lat' dir='ltr'>origine</span> <span class='ocrx_word' id='word_1_77' title='bbox 1160 1274 1294 1353; x_wconf 85' lang='lat' dir='ltr'>Sabina,</span> 
     </span>
     <span class='ocr_line' id='line_1_11' title="bbox 175 1399 1295 1485; baseline 0 -21"><span class='ocrx_word' id='word_1_78' title='bbox 175 1399 279 1485; x_wconf 89' lang='lat' dir='ltr'>sqq.’&#39;,</span> <span class='ocrx_word' id='word_1_79' title='bbox 298 1422 358 1466; x_wconf 90' lang='lat' dir='ltr'>nos</span> <span class='ocrx_word' id='word_1_80' title='bbox 377 1404 530 1468; x_wconf 89' lang='lat' dir='ltr'>certiores</span> <span class='ocrx_word' id='word_1_81' title='bbox 541 1403 621 1468; x_wconf 86' lang='lat' dir='ltr'>facit</span> <span class='ocrx_word' id='word_1_82' title='bbox 632 1403 749 1466; x_wconf 85' lang='lat' dir='ltr'>Attum</span> <span class='ocrx_word' id='word_1_83' title='bbox 763 1401 922 1466; x_wconf 81' lang='lat' dir='ltr'>Clausum</span> <span class='ocrx_word' id='word_1_84' title='bbox 936 1403 1022 1466; x_wconf 89' lang='lat' dir='ltr'>inter</span> <span class='ocrx_word' id='word_1_85' title='bbox 1033 1400 1211 1466; x_wconf 77' lang='lat' dir='ltr'>Caesarum</span> <span class='ocrx_word' id='word_1_86' title='bbox 1226 1421 1295 1464; x_wconf 92' lang='lat' dir='ltr'>ma-</span> 
     </span>
     <span class='ocr_line' id='line_1_12' title="bbox 170 1526 1294 1611; baseline -0.002 -18"><span class='ocrx_word' id='word_1_87' title='bbox 170 1530 263 1611; x_wconf 85' lang='lat' dir='ltr'>jores</span> <span class='ocrx_word' id='word_1_88' title='bbox 286 1548 353 1594; x_wconf 88' lang='lat' dir='ltr'>esse</span> <span class='ocrx_word' id='word_1_89' title='bbox 373 1531 546 1594; x_wconf 89' lang='lat' dir='ltr'>adscitum.</span> <span class='ocrx_word' id='word_1_90' title='bbox 568 1526 664 1610; x_wconf 81' lang='lat' dir='ltr'>Quod</span> <span class='ocrx_word' id='word_1_91' title='bbox 683 1531 897 1594; x_wconf 88' lang='lat' dir='ltr'>confirmatur</span> <span class='ocrx_word' id='word_1_92' title='bbox 914 1547 935 1591; x_wconf 93' lang='lat' dir='ltr'>a</span> <span class='ocrx_word' id='word_1_93' title='bbox 952 1529 1120 1607; x_wconf 80' lang='lat' dir='ltr'>Suetonio,</span> <span class='ocrx_word' id='word_1_94' title='bbox 1132 1528 1294 1592; x_wconf 79' lang='lat' dir='ltr'>scribente</span> 
     </span>
     <span class='ocr_line' id='line_1_13' title="bbox 175 1652 1293 1738; baseline -0.001 -21"><span class='ocrx_word' id='word_1_95' title='bbox 175 1654 216 1717; x_wconf 87' lang='lat' dir='ltr'>in</span> <span class='ocrx_word' id='word_1_96' title='bbox 253 1655 351 1718; x_wconf 87' lang='lat' dir='ltr'>Vitae</span> <span class='ocrx_word' id='word_1_97' title='bbox 379 1655 504 1719; x_wconf 79' lang='lat' dir='ltr'>&#39;liberii</span> <span class='ocrx_word' id='word_1_98' title='bbox 535 1675 605 1738; x_wconf 87' lang='lat' dir='ltr'>cap.</span> <span class='ocrx_word' id='word_1_99' title='bbox 628 1655 662 1718; x_wconf 87' lang='lat'>1:</span> <span class='ocrx_word' id='word_1_100' title='bbox 686 1655 860 1731; x_wconf 87' lang='lat' dir='ltr'>„Patricia</span> <span class='ocrx_word' id='word_1_101' title='bbox 882 1673 961 1737; x_wconf 89' lang='lat' dir='ltr'>gens</span> <span class='ocrx_word' id='word_1_102' title='bbox 985 1652 1126 1718; x_wconf 82' lang='lat' dir='ltr'>Claudia</span> <span class='ocrx_word' id='word_1_103' title='bbox 1149 1659 1221 1717; x_wconf 91' lang='lat' dir='ltr'>orta</span> <span class='ocrx_word' id='word_1_104' title='bbox 1245 1659 1293 1716; x_wconf 88' lang='lat' dir='ltr'>est</span> 
     </span>
     <span class='ocr_line' id='line_1_14' title="bbox 178 1779 1294 1865; baseline -0.004 -20"><span class='ocrx_word' id='word_1_105' title='bbox 178 1800 222 1845; x_wconf 87' lang='lat' dir='ltr'>ex</span> <span class='ocrx_word' id='word_1_106' title='bbox 250 1781 399 1865; x_wconf 81' lang='lat' dir='ltr'>Regillis,</span> <span class='ocrx_word' id='word_1_107' title='bbox 430 1782 547 1865; x_wconf 88' lang='lat' dir='ltr'>oppido</span> <span class='ocrx_word' id='word_1_108' title='bbox 577 1781 787 1846; x_wconf 80' lang='lat' dir='ltr'>Sabinorum.</span> <span class='ocrx_word' id='word_1_109' title='bbox 817 1779 898 1845; x_wconf 90' lang='lat' dir='ltr'>Inde</span> <span class='ocrx_word' id='word_1_110' title='bbox 921 1779 1063 1844; x_wconf 85' lang='lat' dir='ltr'>Romam</span> <span class='ocrx_word' id='word_1_111' title='bbox 1088 1797 1199 1843; x_wconf 86' lang='lat' dir='ltr'>recens</span> <span class='ocrx_word' id='word_1_112' title='bbox 1222 1798 1294 1843; x_wconf 91' lang='lat' dir='ltr'>con·</span> 
     </span>
     <span class='ocr_line' id='line_1_15' title="bbox 183 1905 1293 1991; baseline -0.002 -20"><span class='ocrx_word' id='word_1_113' title='bbox 183 1908 286 1971; x_wconf 84' lang='lat' dir='ltr'>ditam</span> <span class='ocrx_word' id='word_1_114' title='bbox 317 1927 393 1970; x_wconf 91' lang='lat' dir='ltr'>curn</span> <span class='ocrx_word' id='word_1_115' title='bbox 425 1927 546 1991; x_wconf 89' lang='lat' dir='ltr'>magna</span> <span class='ocrx_word' id='word_1_116' title='bbox 572 1906 746 1972; x_wconf 88' lang='lat' dir='ltr'>clientium</span> <span class='ocrx_word' id='word_1_117' title='bbox 770 1926 872 1970; x_wconf 89' lang='lat' dir='ltr'>manu</span> <span class='ocrx_word' id='word_1_118' title='bbox 896 1905 1136 1988; x_wconf 88' lang='lat' dir='ltr'>commigravit,</span> <span class='ocrx_word' id='word_1_119' title='bbox 1159 1909 1293 1969; x_wconf 85' lang='lat' dir='ltr'>auctore</span> 
     </span>
     <span class='ocr_line' id='line_1_16' title="bbox 180 2029 1292 2115; baseline -0.003 -19"><span class='ocrx_word' id='word_1_120' title='bbox 180 2033 256 2098; x_wconf 83' lang='lat' dir='ltr'>Tito</span> <span class='ocrx_word' id='word_1_121' title='bbox 279 2033 375 2097; x_wconf 86' lang='lat' dir='ltr'>Tatio</span> <span class='ocrx_word' id='word_1_122' title='bbox 398 2039 547 2099; x_wconf 90' lang='lat' dir='ltr'>consorte</span> <span class='ocrx_word' id='word_1_123' title='bbox 568 2033 715 2112; x_wconf 88' lang='lat' dir='ltr'>Romuli,</span> <span class='ocrx_word' id='word_1_124' title='bbox 739 2033 802 2112; x_wconf 86' lang='lat' dir='ltr'>vel,</span> <span class='ocrx_word' id='word_1_125' title='bbox 827 2032 915 2115; x_wconf 93' lang='lat' dir='ltr'>quod</span> <span class='ocrx_word' id='word_1_126' title='bbox 934 2032 1039 2115; x_wconf 89' lang='lat' dir='ltr'>magis</span> <span class='ocrx_word' id='word_1_127' title='bbox 1057 2035 1194 2109; x_wconf 90' lang='lat' dir='ltr'>constat,</span> <span class='ocrx_word' id='word_1_128' title='bbox 1215 2029 1292 2093; x_wconf 86' lang='lat' dir='ltr'>Atta</span> 
     </span>
     <span class='ocr_line' id='line_1_17' title="bbox 181 2153 1292 2244; baseline -0.002 -22"><span class='ocrx_word' id='word_1_129' title='bbox 181 2157 320 2224; x_wconf 85' lang='lat' dir='ltr'>Claudio</span> <span class='ocrx_word' id='word_1_130' title='bbox 340 2161 446 2244; x_wconf 87' lang='lat' dir='ltr'>gentis</span> <span class='ocrx_word' id='word_1_131' title='bbox 468 2161 625 2244; x_wconf 87' lang='lat' dir='ltr'>principe,</span> <span class='ocrx_word' id='word_1_132' title='bbox 648 2165 721 2243; x_wconf 87' lang='lat' dir='ltr'>post</span> <span class='ocrx_word' id='word_1_133' title='bbox 739 2178 831 2242; x_wconf 88' lang='lat' dir='ltr'>reges</span> <span class='ocrx_word' id='word_1_134' title='bbox 849 2163 981 2224; x_wconf 85' lang='lat' dir='ltr'>exactos</span> <span class='ocrx_word' id='word_1_135' title='bbox 1000 2162 1091 2221; x_wconf 86' lang='lat' dir='ltr'>sexto</span> <span class='ocrx_word' id='word_1_136' title='bbox 1104 2157 1171 2220; x_wconf 89' lang='lat' dir='ltr'>fere</span> <span class='ocrx_word' id='word_1_137' title='bbox 1182 2153 1292 2220; x_wconf 86' lang='lat' dir='ltr'>anno&#39;’</span> 
     </span>
     <span class='ocr_line' id='line_1_18' title="bbox 181 2277 1292 2364; baseline -0.004 -14"><span class='ocrx_word' id='word_1_138' title='bbox 181 2293 213 2350; x_wconf 85' lang='lat' dir='ltr'>et</span> <span class='ocrx_word' id='word_1_139' title='bbox 232 2305 252 2349; x_wconf 85' lang='lat' dir='ltr'>a</span> <span class='ocrx_word' id='word_1_140' title='bbox 273 2286 451 2350; x_wconf 76' lang='lat' dir='ltr'>Plutarcho</span> <span class='ocrx_word' id='word_1_141' title='bbox 474 2286 543 2350; x_wconf 84' lang='lat' dir='ltr'>vit.</span> <span class='ocrx_word' id='word_1_142' title='bbox 565 2287 656 2350; x_wconf 89' lang='lat' dir='ltr'>Parr.</span> <span class='ocrx_word' id='word_1_143' title='bbox 678 2285 766 2364; x_wconf 86' lang='lat' dir='ltr'>VIII,</span> <span class='ocrx_word' id='word_1_144' title='bbox 781 2285 832 2363; x_wconf 80' lang='lat'>21,</span> <span class='ocrx_word' id='word_1_145' title='bbox 848 2287 884 2347; x_wconf 78' lang='lat'>2:</span> <span class='ocrx_word' id='word_1_146' title='bbox 904 2277 968 2362; x_wconf 78' lang='grc' dir='ltr'>,,ἧν</span> <span class='ocrx_word' id='word_1_147' title='bbox 988 2277 1034 2348; x_wconf 81' lang='grc' dir='ltr'>οὖν</span> <span class='ocrx_word' id='word_1_148' title='bbox 1046 2278 1178 2354; x_wconf 85' lang='grc' dir='ltr'><strong><em>’Άππιος</em></strong></span> <span class='ocrx_word' id='word_1_149' title='bbox 1190 2287 1292 2346; x_wconf 77' lang='grc' dir='ltr'><strong><em>Κλαῦ-</em></strong></span> 
     </span>
     <span class='ocr_line' id='line_1_19' title="bbox 180 2407 1291 2492; baseline 0 -19"><span class='ocrx_word' id='word_1_150' title='bbox 180 2433 228 2482; x_wconf 85' lang='grc' dir='ltr'>σος</span> <span class='ocrx_word' id='word_1_151' title='bbox 251 2409 280 2473; x_wconf 92' lang='grc' dir='ltr'>ε’ν</span> <span class='ocrx_word' id='word_1_152' title='bbox 300 2409 438 2488; x_wconf 79' lang='grc' dir='ltr'><strong><em>Σαβίνοις</em></strong></span> <span class='ocrx_word' id='word_1_153' title='bbox 459 2409 528 2491; x_wconf 73' lang='grc' dir='ltr'><strong><em>ανὴρ</em></strong></span> <span class='ocrx_word' id='word_1_154' title='bbox 551 2409 691 2492; x_wconf 72' lang='grc' dir='ltr'><strong><em>χρήμασί</em></strong></span> <span class='ocrx_word' id='word_1_155' title='bbox 710 2434 744 2473; x_wconf 86' lang='grc' dir='ltr'>τε</span> <span class='ocrx_word' id='word_1_156' title='bbox 764 2409 884 2482; x_wconf 78' lang='grc' dir='ltr'><strong><em>δυνατὸς</em></strong></span> <span class='ocrx_word' id='word_1_157' title='bbox 903 2407 956 2473; x_wconf 78' lang='grc' dir='ltr'>καί</span> <span class='ocrx_word' id='word_1_158' title='bbox 976 2408 1112 2487; x_wconf 77' lang='grc' dir='ltr'><strong><em>σώματος</em></strong></span> <span class='ocrx_word' id='word_1_159' title='bbox 1131 2408 1210 2490; x_wconf 65' lang='grc' dir='ltr'>ῥώμῃ</span> <span class='ocrx_word' id='word_1_160' title='bbox 1223 2409 1291 2489; x_wconf 81' lang='grc' dir='ltr'><strong><em>πρὸς</em></strong></span> 
     </span>
     <span class='ocr_line' id='line_1_20' title="bbox 179 2534 1292 2619; baseline 0.001 -19"><span class='ocrx_word' id='word_1_161' title='bbox 179 2536 271 2610; x_wconf 70' lang='grc' dir='ltr'><strong><em>οίλκίρν</em></strong></span> <span class='ocrx_word' id='word_1_162' title='bbox 312 2538 458 2619; x_wconf 76' lang='grc' dir='ltr'><strong><em>ἐπιφανής</em></strong></span> <span class='ocrx_word' id='word_1_163' title='bbox 458 2584 556 2611; x_wconf 84' lang='grc'><strong>.....</strong></span> <span class='ocrx_word' id='word_1_164' title='bbox 591 2536 845 2617; x_wconf 68' lang='grc' dir='ltr'>πεντακισχιλίους</span> <span class='ocrx_word' id='word_1_165' title='bbox 880 2534 969 2609; x_wconf 88' lang='grc' dir='ltr'><strong><em>οίκονς</em></strong></span> <span class='ocrx_word' id='word_1_166' title='bbox 1002 2535 1177 2610; x_wconf 72' lang='grc' dir='ltr'><strong><em>ἀναστήσας</em></strong></span> <span class='ocrx_word' id='word_1_167' title='bbox 1212 2536 1292 2615; x_wconf 74' lang='grc' dir='ltr'><strong><em>μετα</em></strong></span> 
     </span>
    </p>
   </div>
   <div class='ocr_carea' id='block_1_3' title="bbox 178 2658 1291 2743">
    <p class='ocr_par' dir='ltr' id='par_1_3' title="bbox 178 2658 1291 2743">
     <span class='ocr_line' id='line_1_21' title="bbox 178 2658 1291 2743; baseline 0.001 -18"><span class='ocrx_word' id='word_1_168' title='bbox 178 2662 293 2728; x_wconf 74' lang='grc' dir='ltr'><strong><em>παίδων</em></strong></span> <span class='ocrx_word' id='word_1_169' title='bbox 323 2659 372 2728; x_wconf 84' lang='grc' dir='ltr'>καί</span> <span class='ocrx_word' id='word_1_170' title='bbox 402 2666 546 2741; x_wconf 74' lang='grc' dir='ltr'><strong><em>γυναικῶν</em></strong></span> <span class='ocrx_word' id='word_1_171' title='bbox 559 2711 586 2726; x_wconf 94' lang='grc'>..</span> <span class='ocrx_word' id='word_1_172' title='bbox 602 2711 631 2727; x_wconf 91' lang='grc'>..</span> <span class='ocrx_word' id='word_1_173' title='bbox 665 2664 704 2736; x_wconf 88' lang='grc' dir='ltr'>είς</span> <span class='ocrx_word' id='word_1_174' title='bbox 728 2662 841 2741; x_wconf 79' lang='grc' dir='ltr'><strong><em>Ῥώμην</em></strong></span> <span class='ocrx_word' id='word_1_175' title='bbox 865 2658 930 2740; x_wconf 72' lang='grc' dir='ltr'>ἦγε·</span> <span class='ocrx_word' id='word_1_176' title='bbox 953 2661 1140 2735; x_wconf 83' lang='grc' dir='ltr'><strong><em>Ποπλικόλας</em></strong></span> <span class='ocrx_word' id='word_1_177' title='bbox 1153 2711 1160 2727; x_wconf 92' lang='grc'><strong>.</strong></span> <span class='ocrx_word' id='word_1_178' title='bbox 1174 2710 1182 2726; x_wconf 87' lang='grc'><strong>.</strong></span> <span class='ocrx_word' id='word_1_179' title='bbox 1196 2710 1225 2727; x_wconf 91' lang='grc'>..</span> <span class='ocrx_word' id='word_1_180' title='bbox 1250 2663 1291 2743; x_wconf 81' lang='grc' dir='ltr'>τῷ</span> 
     </span>
    </p>
   </div>
   <div class='ocr_carea' id='block_1_4' title="bbox 178 2786 1384 2873">
    <p class='ocr_par' dir='ltr' id='par_1_4' title="bbox 178 2786 1384 2873">
     <span class='ocr_line' id='line_1_22' title="bbox 178 2786 1384 2873; baseline 0 -21"><span class='ocrx_word' id='word_1_181' title='bbox 178 2788 208 2852; x_wconf 74' lang='grc' dir='ltr'>δὲ</span> <span class='ocrx_word' id='word_1_182' title='bbox 240 2787 367 2870; x_wconf 80' lang='grc' dir='ltr'><strong><em>Κλαύσῳ</em></strong></span> <span class='ocrx_word' id='word_1_183' title='bbox 397 2789 506 2871; x_wconf 82' lang='grc' dir='ltr'><strong><em>πλέίρα</em></strong></span> <span class='ocrx_word' id='word_1_184' title='bbox 539 2787 625 2853; x_wconf 85' lang='grc' dir='ltr'><strong><em>πέντε</em></strong></span> <span class='ocrx_word' id='word_1_185' title='bbox 654 2788 706 2853; x_wconf 77' lang='grc' dir='ltr'>καί</span> <span class='ocrx_word' id='word_1_186' title='bbox 736 2787 821 2853; x_wconf 85' lang='grc' dir='ltr'><strong><em>είκοοι</em></strong></span> <span class='ocrx_word' id='word_1_187' title='bbox 850 2795 907 2867; x_wconf 75' lang='grc' dir='ltr'>γῆς</span> <span class='ocrx_word' id='word_1_188' title='bbox 938 2786 1049 2862; x_wconf 78' lang='grc' dir='ltr'><strong><em>ἔδωκεν,</em></strong></span> <span class='ocrx_word' id='word_1_189' title='bbox 1085 2789 1173 2853; x_wconf 80' lang='grc' dir='ltr'><strong><em>αὐτὸν</em></strong></span> <span class='ocrx_word' id='word_1_190' title='bbox 1197 2789 1228 2853; x_wconf 76' lang='grc' dir='ltr'>δὲ</span> <span class='ocrx_word' id='word_1_191' title='bbox 1251 2796 1287 2870; x_wconf 71' lang='grc' dir='ltr'>τῇ</span> <span class='ocrx_word' id='word_1_192' title='bbox 1380 2859 1384 2873; x_wconf 46' lang='grc'><em>,</em></span> 
     </span>
    </p>
   </div>
   <div class='ocr_carea' id='block_1_5' title="bbox 178 2911 1291 4008">
    <p class='ocr_par' dir='ltr' id='par_1_5' title="bbox 178 2911 1290 3375">
     <span class='ocr_line' id='line_1_23' title="bbox 178 2911 1290 2997; baseline -0.001 -18"><span class='ocrx_word' id='word_1_193' title='bbox 178 2914 269 2997; x_wconf 67' lang='grc' dir='ltr'><strong><em>βουλῇ</em></strong></span> <span class='ocrx_word' id='word_1_194' title='bbox 291 2913 500 2996; x_wconf 68' lang='grc' dir='ltr'><strong><em>προσέγραψεν,</em></strong></span> <span class='ocrx_word' id='word_1_195' title='bbox 523 2914 789 2997; x_wconf 55' lang='lat' dir='ltr'>virziliacensibus</span> <span class='ocrx_word' id='word_1_196' title='bbox 812 2914 1011 2994; x_wconf 82' lang='grc' dir='ltr'><strong><em>λαμβοίνοντα</em></strong></span> <span class='ocrx_word' id='word_1_197' title='bbox 1034 2914 1154 2988; x_wconf 72' lang='grc' dir='ltr'><strong><em>ταύτην,</em></strong></span> <span class='ocrx_word' id='word_1_198' title='bbox 1175 2911 1194 2996; x_wconf 73' lang='grc' dir='ltr'><strong><em>ᾖ</em></strong></span> <span class='ocrx_word' id='word_1_199' title='bbox 1212 2915 1290 2995; x_wconf 79' lang='grc' dir='ltr'><strong><em>χροί-</em></strong></span> 
     </span>
     <span class='ocr_line' id='line_1_24' title="bbox 179 3038 1289 3123; baseline 0.001 -19"><span class='ocrx_word' id='word_1_200' title='bbox 179 3065 261 3119; x_wconf 83' lang='grc' dir='ltr'><strong><em>ροενος</em></strong></span> <span class='ocrx_word' id='word_1_201' title='bbox 294 3039 445 3122; x_wconf 75' lang='grc' dir='ltr'><strong><em>ἐμφρόνως</em></strong></span> <span class='ocrx_word' id='word_1_202' title='bbox 477 3040 638 3123; x_wconf 73' lang='grc' dir='ltr'><strong><em>ἀνέδραμεν</em></strong></span> <span class='ocrx_word' id='word_1_203' title='bbox 672 3042 710 3114; x_wconf 85' lang='grc' dir='ltr'>είς</span> <span class='ocrx_word' id='word_1_204' title='bbox 741 3044 773 3106; x_wconf 84' lang='grc' dir='ltr'>τὸ</span> <span class='ocrx_word' id='word_1_205' title='bbox 803 3046 911 3123; x_wconf 80' lang='grc' dir='ltr'><strong><em>πρῶτον</em></strong></span> <span class='ocrx_word' id='word_1_206' title='bbox 940 3038 1060 3119; x_wconf 79' lang='grc' dir='ltr'><strong><em>οίξίοομα</em></strong></span> <span class='ocrx_word' id='word_1_207' title='bbox 1091 3039 1143 3105; x_wconf 78' lang='grc' dir='ltr'>καί</span> <span class='ocrx_word' id='word_1_208' title='bbox 1166 3039 1289 3119; x_wconf 79' lang='grc' dir='ltr'><strong><em>δύναμιν</em></strong></span> 
     </span>
     <span class='ocr_line' id='line_1_25' title="bbox 178 3165 1289 3250; baseline 0.002 -20"><span class='ocrx_word' id='word_1_209' title='bbox 178 3165 250 3248; x_wconf 79' lang='grc' dir='ltr'><strong><em>ἔσχε</em></strong></span> <span class='ocrx_word' id='word_1_210' title='bbox 271 3167 419 3250; x_wconf 75' lang='grc' dir='ltr'><strong><em>μεγοίλνν,</em></strong></span> <span class='ocrx_word' id='word_1_211' title='bbox 442 3167 494 3232; x_wconf 79' lang='grc' dir='ltr'>καί</span> <span class='ocrx_word' id='word_1_212' title='bbox 517 3167 599 3246; x_wconf 73' lang='grc' dir='ltr'><strong><em>γένος</em></strong></span> <span class='ocrx_word' id='word_1_213' title='bbox 622 3169 730 3241; x_wconf 78' lang='grc' dir='ltr'><strong><em>οὐδενὸς</em></strong></span> <span class='ocrx_word' id='word_1_214' title='bbox 753 3166 943 3249; x_wconf 71' lang='grc' dir='ltr'><strong><em>ἀμαυρότερον</em></strong></span> <span class='ocrx_word' id='word_1_215' title='bbox 967 3169 996 3232; x_wconf 79' lang='grc' dir='ltr'>ἐν</span> <span class='ocrx_word' id='word_1_216' title='bbox 1018 3167 1114 3249; x_wconf 79' lang='grc' dir='ltr'><strong><em>Ῥοίμρ</em></strong></span> <span class='ocrx_word' id='word_1_217' title='bbox 1136 3169 1168 3232; x_wconf 82' lang='grc' dir='ltr'>τὸ</span> <span class='ocrx_word' id='word_1_218' title='bbox 1189 3176 1289 3232; x_wconf 89' lang='grc' dir='ltr'><strong><em>Κλαν-</em></strong></span> 
     </span>
     <span class='ocr_line' id='line_1_26' title="bbox 179 3292 643 3375; baseline 0 -19"><span class='ocrx_word' id='word_1_219' title='bbox 179 3292 240 3357; x_wconf 78' lang='grc' dir='ltr'><strong><em>δίων</em></strong></span> <span class='ocrx_word' id='word_1_220' title='bbox 263 3293 320 3375; x_wconf 74' lang='grc' dir='ltr'>αφ’</span> <span class='ocrx_word' id='word_1_221' title='bbox 344 3294 432 3359; x_wconf 80' lang='grc' dir='ltr'><strong><em>αὑτοῦ</em></strong></span> <span class='ocrx_word' id='word_1_222' title='bbox 455 3292 643 3358; x_wconf 83' lang='grc' dir='ltr'><strong><em>κατέλιπεν.”</em></strong></span> 
     </span>
    </p>

    <p class='ocr_par' dir='ltr' id='par_1_6' title="bbox 181 3417 1291 4008">
     <span class='ocr_line' id='line_1_27' title="bbox 221 3417 1291 3503; baseline 0 -20"><span class='ocrx_word' id='word_1_223' title='bbox 221 3417 436 3503; x_wconf 76' lang='lat' dir='ltr'>Quamquam</span> <span class='ocrx_word' id='word_1_224' title='bbox 458 3438 643 3484; x_wconf 89' lang='lat' dir='ltr'>asseverare</span> <span class='ocrx_word' id='word_1_225' title='bbox 667 3439 736 3483; x_wconf 91' lang='lat' dir='ltr'>non</span> <span class='ocrx_word' id='word_1_226' title='bbox 759 3421 863 3483; x_wconf 89' lang='lat' dir='ltr'>audeo</span> <span class='ocrx_word' id='word_1_227' title='bbox 890 3417 1071 3501; x_wconf 84' lang='lat' dir='ltr'>Vergilium</span> <span class='ocrx_word' id='word_1_228' title='bbox 1091 3438 1132 3483; x_wconf 89' lang='lat' dir='ltr'>ne</span> <span class='ocrx_word' id='word_1_229' title='bbox 1154 3419 1291 3502; x_wconf 89' lang='lat' dir='ltr'>hicqui·</span> 
     </span>
     <span class='ocr_line' id='line_1_28' title="bbox 181 3545 1289 3630; baseline 0.001 -22"><span class='ocrx_word' id='word_1_230' title='bbox 181 3545 251 3609; x_wconf 88' lang='lat' dir='ltr'>dem</span> <span class='ocrx_word' id='word_1_231' title='bbox 293 3547 515 3630; x_wconf 90' lang='lat' dir='ltr'>antiquiorem</span> <span class='ocrx_word' id='word_1_232' title='bbox 550 3546 698 3612; x_wconf 88' lang='lat' dir='ltr'>fabulam</span> <span class='ocrx_word' id='word_1_233' title='bbox 732 3551 809 3611; x_wconf 92' lang='lat' dir='ltr'>ante</span> <span class='ocrx_word' id='word_1_234' title='bbox 843 3547 955 3612; x_wconf 91' lang='lat' dir='ltr'>oculos</span> <span class='ocrx_word' id='word_1_235' title='bbox 989 3547 1149 3625; x_wconf 86' lang='lat' dir='ltr'>habuisse,</span> <span class='ocrx_word' id='word_1_236' title='bbox 1187 3547 1289 3610; x_wconf 91' lang='lat' dir='ltr'>miror</span> 
     </span>
     <span class='ocr_line' id='line_1_29' title="bbox 184 3672 1286 3755; baseline 0.004 -24"><span class='ocrx_word' id='word_1_237' title='bbox 184 3676 289 3735; x_wconf 88' lang='lat' dir='ltr'>tamen</span> <span class='ocrx_word' id='word_1_238' title='bbox 324 3691 437 3736; x_wconf 89' lang='lat' dir='ltr'>omnes</span> <span class='ocrx_word' id='word_1_239' title='bbox 471 3673 643 3755; x_wconf 84' lang='lat' dir='ltr'>scriptores</span> <span class='ocrx_word' id='word_1_240' title='bbox 678 3672 744 3736; x_wconf 82' lang='lat' dir='ltr'>fere</span> <span class='ocrx_word' id='word_1_241' title='bbox 779 3673 905 3736; x_wconf 88' lang='lat' dir='ltr'>diversa</span> <span class='ocrx_word' id='word_1_242' title='bbox 936 3674 1074 3736; x_wconf 90' lang='lat' dir='ltr'>nomina</span> <span class='ocrx_word' id='word_1_243' title='bbox 1107 3673 1286 3751; x_wconf 88' lang='lat' dir='ltr'>tradidisse,</span> 
     </span>
     <span class='ocr_line' id='line_1_30' title="bbox 184 3796 1287 3882; baseline 0.001 -22"><span class='ocrx_word' id='word_1_244' title='bbox 184 3814 280 3876; x_wconf 91' lang='lat' dir='ltr'>quum</span> <span class='ocrx_word' id='word_1_245' title='bbox 309 3804 407 3882; x_wconf 79' lang='lat' dir='ltr'>potita</span> <span class='ocrx_word' id='word_1_246' title='bbox 435 3799 523 3863; x_wconf 87' lang='lat' dir='ltr'>solus</span> <span class='ocrx_word' id='word_1_247' title='bbox 554 3799 640 3862; x_wconf 93' lang='lat' dir='ltr'>hunc</span> <span class='ocrx_word' id='word_1_248' title='bbox 673 3796 831 3862; x_wconf 82' lang='lat' dir='ltr'>Clausum</span> <span class='ocrx_word' id='word_1_249' title='bbox 863 3819 881 3864; x_wconf 92' lang='lat' dir='ltr'>e</span> <span class='ocrx_word' id='word_1_250' title='bbox 911 3799 1065 3878; x_wconf 83' lang='lat' dir='ltr'>Curibus,</span> <span class='ocrx_word' id='word_1_251' title='bbox 1089 3799 1148 3862; x_wconf 91' lang='lat' dir='ltr'>alii</span> <span class='ocrx_word' id='word_1_252' title='bbox 1172 3817 1287 3862; x_wconf 89' lang='lat' dir='ltr'>omnes</span> 
     </span>
     <span class='ocr_line' id='line_1_31' title="bbox 186 3923 1288 4008; baseline 0 -21"><span class='ocrx_word' id='word_1_253' title='bbox 186 3937 201 3980; x_wconf 78' lang='lat' dir='ltr'>t</span> <span class='ocrx_word' id='word_1_254' title='bbox 233 3923 360 4007; x_wconf 87' lang='lat' dir='ltr'>Regillo</span> <span class='ocrx_word' id='word_1_255' title='bbox 395 3929 510 3988; x_wconf 89' lang='lat' dir='ltr'>ortum·</span> <span class='ocrx_word' id='word_1_256' title='bbox 542 3925 662 4002; x_wconf 90' lang='lat' dir='ltr'>dicant,</span> <span class='ocrx_word' id='word_1_257' title='bbox 696 3945 780 4007; x_wconf 88' lang='lat' dir='ltr'>quae</span> <span class='ocrx_word' id='word_1_258' title='bbox 815 3927 991 3990; x_wconf 86' lang='lat' dir='ltr'>varietates</span> <span class='ocrx_word' id='word_1_259' title='bbox 1026 3924 1169 4008; x_wconf 86' lang='lat' dir='ltr'>profecto</span> <span class='ocrx_word' id='word_1_260' title='bbox 1205 3925 1288 3987; x_wconf 91' lang='lat' dir='ltr'>mihi</span> 
     </span>
    </p>
   </div>
   <div class='ocr_carea' id='block_1_6' title="bbox 0 0 1482 5040">
    <p class='ocr_par' dir='ltr' id='par_1_7' title="bbox 0 0 1482 5040">
     <span class='ocr_line' id='line_1_32' title="bbox 0 0 1482 5040; baseline 0 3"><span class='ocrx_word' id='word_1_261' title='bbox 0 0 1482 5040; x_wconf 95' lang='lat' dir='ltr'> </span> 
     </span>
    </p>
   </div>
  </div>
 </body>
</html>
