2956 5040
790 411 852 473 110

251 640 319 685 esse
351 622 387 683 in
423 618 560 684 Italiam
593 639 613 685 a
641 621 837 699 Troezeniis‚
860 622 918 705 qui
948 640 1023 685 cum
1050 621 1187 686 Achaeis
1213 622 1361 704 Sybarin,

255 768 331 811 mox
361 749 404 812 ab
435 749 485 811 his
516 747 645 830 expulsi
671 747 781 829 (Arist.
806 747 895 830 polit.
920 747 960 826 V,
985 748 1016 831 2)
1040 748 1193 812 Paestum
1217 747 1364 811 condide-

252 876 328 952 rint,
363 875 451 956 qnod
486 876 672 958 proximum
708 881 755 938 est
787 873 925 957 Neapoli
957 873 1102 938 coloniae
1125 871 1359 950 Cumanorum,

252 999 345 1063 docte
367 1001 517 1085 exposuit
540 999 681 1064 Clausen
707 1020 757 1084 pg.
783 1000 867 1062 1163
879 1018 949 1082 sqq.
973 996 1067 1079 Quod
1088 1000 1126 1062 de
1146 999 1262 1082 lingua
1282 996 1363 1063 Osca

253 1128 522 1204 commemoravi,
546 1127 769 1211 quaerendum
796 1131 852 1204 est,
875 1145 956 1188 num
976 1143 1016 1189 ex
1038 1123 1215 1209 Hippolyto
1230 1125 1362 1189 Virbius

254 1251 393 1316 evadere
416 1253 561 1336 potuerit
584 1252 863 1336 quemadmodum
890 1271 930 1316 ex
953 1250 1119 1334 Hipponio
1143 1251 1224 1314 urbe
1248 1248 1363 1315 Vibo.''

254 1375 443 1442 Aristoteles
466 1379 645 1443 tradiderat
667 1379 762 1444 Polit.
788 1377 829 1454 V,
854 1379 889 1440 2:
909 1371 994 1454 ’,,ὅσοι
1012 1372 1066 1449 ἤδη
1079 1374 1219 1448 συνοίκους
1231 1371 1365 1450 ε’δέξοονσο

253 1500 270 1576 ἢ
299 1502 437 1577 ἐποίκους,
469 1503 492 1568 οἱ
513 1509 643 1568 πλεῖστοι
667 1501 859 1568 ἐστασίασαν·
882 1495 934 1565 οἷον
957 1499 1127 1582 Τροιζηνίοις
1150 1500 1273 1579 Ἀχοοιοὶ
1298 1522 1366 1563 ονν·

255 1625 360 1708 ῴκισοον
390 1627 528 1709 Σύβοοριν.
553 1621 618 1692 εἶτον
639 1626 801 1700 casiodori
825 1627 948 1706 'Azotos
969 1624 1113 1704 γενόμενοι
1135 1621 1277 1702 ἐξέβαλον
1302 1623 1366 1696 σοὺς

256 1753 445 1835 Τροιζηνίους·
476 1751 534 1819 ὅθεν
566 1754 598 1818 τὸ
621 1751 695 1832 ἄγος
719 1751 826 1831 συνέβη
852 1758 910 1825 τοῖς
933 1750 1143 1833 Σύβοορίσοοις”,
1167 1757 1198 1816 et
1222 1751 1361 1816 Clausen

258 1881 447 1945 confirmat:
472 1878 564 1958 „Die
587 1900 653 1945 von
677 1881 779 1943 ihnen
805 1880 1062 1963 mitgebrachten
1087 1879 1154 1942 und
1177 1898 1253 1942 vom
1277 1878 1367 1941 Staat

257 2005 381 2070 einmal
417 2005 648 2070 anerkannten
683 2002 938 2070 Herobndienste
967 2005 1040 2068 sind
1071 2004 1153 2068 nach
1178 2005 1267 2068 ihrer
1289 2004 1366 2066 Ent

256 2130 400 2214 iernung
423 2152 486 2197 von
511 2132 572 2196 den
594 2132 770 2213 Sybariten
789 2133 910 2216 gewisz
931 2130 1244 2214 nichtauigegeben,
1257 2129 1366 2193 zumal

257 2275 356 2320 wenn
379 2257 425 2322 sie
447 2258 550 2322 durch
574 2257 815 2340 Vermischung
839 2257 898 2321 mit
922 2256 1084 2320 iirtlichen
1105 2255 1366 2321 Ueberliefernn·

256 2401 319 2466 gen
344 2383 440 2447 lester
460 2384 508 2447 im
533 2382 671 2447 Gebiete
695 2384 754 2447 der
775 2383 868 2447 Stadt
890 2382 1071 2466 gewurnelt
1093 2378 1238 2445 waren.”

301 2506 400 2591 Apud
431 2508 557 2572 Preller
587 2508 613 2586 Ι,
636 2527 688 2590 pg.
715 2509 794 2571 134:
819 2507 963 2585 „Neben
985 2507 1041 2571 der
1064 2503 1171 2569 Diana
1196 2505 1310 2569 warde
1333 2505 1368 2566 in
1424 2576 1427 2578 ,

258 2634 376 2699 diesem
413 2633 520 2697 Haine
554 2634 608 2698 ein
649 2635 855 2698 miinnlicher
885 2635 1032 2698 Daemon
1064 2632 1197 2696 Virbius
1228 2631 1370 2708 verehrt‚

258 2759 369 2824 dessen
392 2758 499 2822 Maure
520 2760 796 2824 wahrscheinlich
822 2760 883 2823 mit
906 2760 969 2824 den
992 2760 1080 2823 alten
1102 2759 1202 2821 Viren
1223 2758 1253 2822 d.
1268 2758 1299 2821 h.
1314 2757 1370 2820 der

259 2884 358 2983 Alten
402 2881 499 2948 Wald
534 2885 601 2948 und
638 2884 915 2968 Banmnymphen
952 2883 1255 2966 zusammenhangt.
1292 2881 1369 2944 Man
1465 2930 1470 2939 .

260 3011 405 3092 verglich
424 3010 482 3073 ihn
505 3015 571 3073 met
589 3011 652 3072 den
673 3011 896 3092 griechischen
911 3009 1119 3093 *Hippolytus
1138 3006 1218 3073 eto.”
1230 3005 1322 3071 Idem
1336 3005 1370 3069 in

259 3141 338 3200 nota
363 3137 443 3201 citat
465 3133 649 3200 Mommsen
673 3135 741 3200 LN.
768 3137 863 3216 2456,
886 3133 986 3200 Orell.
1007 3131 1109 3199 Inscr.
1131 3133 1372 3210 soractense,

260 3261 373 3324 eadem
397 3261 476 3324 haec
498 3261 721 3325 continentes:
745 3261 803 3338 „³11
825 3260 935 3325 Cassio
949 3259 1263 3325 MansvetFlamine
1280 3261 1374 3325 Virb.

260 3385 363 3449 Sorib.
397 3384 478 3451 Aed.
513 3386 556 3463 II,
591 3388 644 3450 vir
674 3389 738 3470 jur.
769 3387 831 3451 dic.
864 3386 976 3452 Cassia
1008 3389 1090 3451 mtia
1111 3386 1286 3470 patrucli.”
1311 3386 1388 3468 Sed⁴

261 3511 385 3574 omittit
415 3511 509 3589 1457,
533 3512 591 3576 ubi
615 3512 771 3596 legimus:
796 3514 954 3591 „Dianae
975 3513 1110 3577 Sacrum
1134 3513 1179 3576 M.
1198 3512 1373 3577 Numisius

260 3636 304 3701 M.
327 3637 365 3699 F.
389 3633 507 3700 dvm
530 3638 702 3721 Philippus
720 3641 839 3702 ttamen
860 3639 1019 3704 Virbialis
1035 3644 1068 3703 et
1081 3638 1232 3703 Aricinae
1245 3636 1374 3704 Dianae

263 3761 380 3826 Vestae
414 3762 519 3826 dictae
550 3769 657 3828 custos
692 3761 756 3827 XII
785 3765 860 3829 Kal.
890 3765 983 3829 lunii
1014 3765 1109 3847 Epul.
1134 3763 1269 3829 Virbiae
1293 3766 1373 3848 pub.

262 3885 360 3950 dedit.
387 3885 426 3948 N.
451 3889 581 3972 signum
605 3891 692 3953 Deae
715 3890 889 3955 collocavit
912 3890 995 3974 Imp.
1019 3892 1063 3955 M.
1089 3891 1257 3955 Antonino
1281 3888 1375 3956 Com·

263 4013 369 4091 modo,
391 4013 475 4097 Aug.
500 4010 529 4074 V
552 4019 585 4079 et
608 4015 740 4082 Valerio
766 4016 899 4082 Aurelio
923 4017 1102 4083 Glabrione
1120 4016 1201 4083 css.'’
1216 4017 1294 4100 (ie.
1311 4019 1373 4082 186

261 4157 293 4220 p.
315 4136 417 4224 Chr).

306 4262 558 4329 Concedendum
583 4274 631 4331 est
653 4269 740 4334 viros
759 4270 870 4334 doctos
891 4271 1034 4335 multum
1055 4289 1171 4352 operae
1184 4270 1372 4355 laborisque

263 4391 299 4454 in
317 4391 453 4455 nomine
468 4391 584 4457 Virbio
604 4392 845 4479 interpretando
857 4397 1081 4477 consumsisse,
1094 4395 1148 4460 sed
1161 4415 1227 4460 non
1239 4415 1370 4479 possum
