2956 5040
679 353 719 415 69

130 563 294 644 pandetur
316 563 361 627 ab
383 562 495 639 urbe”,
520 562 681 625 narravit.
703 562 737 624 si
759 561 842 625 sorte
862 562 1143 644 quispaueabaee
1156 561 1251 637 dicet,

132 707 210 750 mox
240 688 396 770 inspectis
429 688 550 751 fabulis
583 687 626 751 ab
657 687 904 768 antiquioribus
929 688 1066 763 traditis,
1087 687 1250 770 judicium

132 813 286 876 mutabit.
310 813 464 895 Exceptis
487 813 578 876 enim
605 812 795 894 aequalium
822 812 1021 874 testimoniis
1040 811 1080 875 de
1101 813 1160 876 boc
1180 812 1251 875 viro

129 955 295 1018 perpauca
318 942 352 1000 et
375 937 455 1000 baec
478 937 558 999 satis
582 935 729 999 recentia
754 935 795 997 ad
818 954 878 997 nos
901 938 1133 1018 pervenerunt.

174 1058 371 1124 Invenimus
407 1061 497 1124 enirn
518 1049 676 1145 (Krause
699 1079 751 1141 pg.
779 1060 849 1141 82):
874 1056 1039 1135 „Cincius
1065 1063 1097 1122 et
1120 1055 1252 1121 Cassius

130 1183 317 1268 (Heminai)
351 1187 446 1268 ajunt
477 1185 520 1249 ab
549 1186 705 1248 Evandro
730 1184 884 1247 Faunum
909 1185 1008 1247 deum
1034 1183 1250 1265 appellatum,

129 1310 271 1392 ideoque
294 1311 391 1373 aedes
414 1329 532 1387 sacras,
553 1311 685 1372 Faunae
705 1309 813 1392 primo
831 1308 1022 1390 appellatas,
1035 1313 1146 1390 postea
1158 1309 1251 1371 Fana

130 1433 249 1513 dicta'',
284 1439 318 1498 et
351 1435 439 1518 apud
470 1433 666 1515 Dionysium
691 1433 718 1511 I,
743 1435 802 1496 32:
826 1433 910 1510 ,,Ὼς
935 1429 966 1495 δέ
987 1454 1062 1502 τινες
1085 1431 1249 1511 ἱστοροῦσιν,

130 1554 167 1621 ὦν
189 1559 252 1622 ἔστι
278 1556 331 1622 κοοὶ
355 1555 500 1635 Πολύβιος
523 1557 537 1621 o‘
561 1557 813 1635 Μεγαλοπολίτης
836 1555 897 1620 οὶτό
919 1579 993 1628 τινος
1017 1555 1162 1636 μεοροοκίοο
1184 1555 1249 1620 ssat·

129 1697 236 1754 λοοντος
265 1681 365 1746 οιῦτὸθο
395 1682 633 1756 τελευτήσαντος.
667 1687 779 1746 Τοῦτον
802 1682 833 1746 δὲ
858 1680 1033 1761 Ἡροικλὲους
1056 1675 1126 1745 εἶνοοι
1149 1681 1251 1745 arcibo

129 1803 183 1870 κοοὶ
209 1803 308 1878 Δονοὶς
336 1806 510 1892 (Λούνοις,)
537 1814 591 1880 τῆς
613 1805 758 1887 Εὐάνδρου
782 1805 933 1887 Ανγοοτρός·
955 1806 1102 1885 χώοοοντοο
1124 1806 1150 1870 δ’
1172 1805 1250 1885 aava

128 1930 178 1994 τὸν
202 1927 409 2011 μητροπάτορα
430 1927 529 2011 τοέΦον
552 1929 602 1992 ἐπὶ
624 1933 664 2010 τῷ
688 1931 771 2011 λόφῳ
792 1928 960 1994 Ποολοὶντιον
979 1928 1092 1994 ἒτὶτοῦ
1104 1930 1249 2011 μεοροοκίον

128 2055 178 2119 τὸν
212 2054 300 2120 τοτὸν
333 2053 507 2133 assumed,
538 2057 627 2139 apud
658 2057 810 2120 Servium
843 2057 925 2120 Aen.
957 2057 1046 2135 VIII,
1074 2059 1153 2120 130:
1177 2056 1249 2132 „At

129 2181 237 2261 Majae
267 2180 357 2243 filius
380 2178 574 2262 Mercurius,
600 2201 641 2244 ex
664 2200 728 2264 quo
753 2181 903 2257 Arcades,
929 2201 970 2244 ex
993 2183 1116 2264 quibus
1139 2183 1248 2245 Evan-

128 2303 196 2382 der,
220 2305 310 2387 quod
336 2303 453 2368 Accius
476 2306 511 2367 in
536 2304 636 2368 Atreo
659 2305 791 2388 plenius
815 2304 942 2384 refert'’,
966 2310 999 2369 et
1018 2306 1099 2369 ibid.
1119 2306 1146 2384 I,
1167 2307 1248 2370 273:

128 2428 286 2512 „Attejus
309 2430 355 2511 (L.
376 2429 489 2511 Atejos
509 2428 730 2513 Philologusl)
752 2430 867 2492 asserit
879 2429 1022 2492 Romam
1037 2435 1116 2493 ante
1127 2430 1248 2494 adven·

128 2559 199 2618 tum
224 2555 374 2618 Evandri
398 2555 456 2618 diu
480 2554 686 2628 Valentiam,
710 2554 766 2618 sed
788 2558 862 2635 post
884 2553 1009 2618 Graeco
1033 2553 1166 2618 nomine
1186 2555 1249 2618 Ro-

129 2698 206 2742 men
232 2679 425 2742 vocitatam.
450 2677 517 2741 Alii
540 2698 560 2741 a
583 2679 653 2741 filia
675 2679 821 2741 Evandri
842 2678 890 2741 ita
910 2678 1044 2756 dictam,
1065 2679 1124 2741 alii
1145 2680 1253 2744 alati·

127 2803 211 2881 dica,
245 2821 331 2885 quae
363 2802 577 2884 praedixisset
611 2802 766 2865 Evandro
803 2803 852 2864 bis
885 2820 962 2865 cum
994 2802 1074 2866 locis
1098 2808 1247 2885 oportere

127 2925 326 3006 considere'’,
354 2927 476 3009 quibus
505 2928 685 3010 adjungere
717 2945 892 3007 possumus
915 2926 1140 3009 fragmentum
1165 2927 1246 2990 Ver·

125 3054 226 3130 ronis,
259 3053 349 3118 Serv.
379 3052 459 3116 Aen.
483 3049 574 3127 VIII,
601 3053 660 3114 bl:
686 3051 834 3128 „Nonne
859 3034 1002 3114 Arcades
1025 3052 1247 3131 confugerunt

124 3179 160 3241 in
184 3177 350 3241 Palatium
374 3180 458 3242 duce
483 3175 679 3241 Evandro?”

169 3304 245 3367 Post
279 3322 334 3366 cos
368 3302 482 3367 fabula
515 3301 654 3366 crevisse
689 3302 829 3365 videtur.
863 3299 1076 3384 Quamquam
1107 3302 1247 3368 Ovidius

125 3428 307 3509 scripserat,
338 3427 428 3489 Fast.
460 3427 485 3500 Ι,
518 3426 599 3488 471:
632 3427 725 3502 „Hic
755 3426 819 3488 fuit
850 3426 1014 3503 Evander,
1038 3428 1106 3508 qui,
1130 3448 1246 3510 quam·

124 3571 226 3633 quam
251 3549 358 3614 clarus
382 3554 530 3631 utroque,
555 3547 708 3613 Nobilior
730 3569 840 3612 sacrae
863 3551 1024 3631 sanguine
1046 3549 1123 3632 (abl.
1145 3553 1245 3635 caue.)

125 3677 242 3739 matris
264 3674 366 3752 erat’',
389 3676 577 3756 Dionysius,
600 3676 728 3738 dicens:
751 3722 770 3750 „
781 3674 818 3744 ὡς
830 3671 916 3737 αὐτοὶ
930 3674 1068 3752 ‘Pupam
1079 3674 1244 3755 λέγουσιν’,

126 3800 232 3864 multo
262 3801 359 3882 plora
378 3802 448 3883 jam
473 3819 608 3863 narrare
632 3803 748 3882 potest,
773 3819 860 3881 quae
883 3801 1024 3883 legimus
1047 3803 1120 3867 Lib.
1145 3802 1171 3879 I,
1196 3823 1247 3885 cp.

126 3924 266 4001 31-33,
297 3943 365 4006 quo
396 3925 505 4002 tradit,
531 3925 724 3987 Evandrum
758 3926 933 4007 sexaginta
957 3926 1024 3989 sere
1047 3928 1144 3989 annis
1168 3932 1245 3991 ante

126 4047 250 4111 bellum
285 4047 466 4129 Trojanum
502 4067 519 4110 e
555 4048 717 4124 Palantio,
753 4049 834 4111 urba
866 4048 1034 4126 Arcadiae,
1060 4050 1102 4112 ad
1125 4047 1245 4115 Italiae

125 4191 207 4249 oras,
237 4192 319 4254 quas
350 4172 544 4254 Aborigines
575 4173 742 4248 tenebant,
779 4173 944 4255 appulisse
967 4193 1109 4256 eumque
1133 4176 1241 4239 filium

124 4296 278 4359 Mercurii
317 4302 349 4360 et
384 4295 560 4379 Nymphae
595 4297 773 4361 Arcadicae
808 4298 962 4362 fatidicae
997 4299 1105 4379 fuisse,
1140 4320 1242 4383 quam
