2956 5040
657 395 697 456 ta

129 603 209 666 Aen.
237 600 313 669 VII.
339 605 414 687 158)
437 602 549 681 „Oato
572 604 660 668 enirn
685 602 766 667 dicit
789 602 945 686 Trojanos
968 622 988 666 a
1011 604 1127 668 Latino
1154 624 1241 669 acce·

127 733 210 815 pisse
238 751 364 815 agrum,
395 732 452 815 qui
484 735 530 795 est
561 731 649 794 inter
670 729 874 793 Laurentum
899 735 930 792 et
954 734 1061 793 castra
1084 728 1237 813 Trojana.

126 856 189 919 Hic
211 856 310 919 etiam
337 857 472 921 modum
493 857 562 940 agri
582 859 821 919 commemorat
840 860 872 918 et
891 853 971 917 dicit
993 873 1068 917 eum
1088 853 1240 917 habuisse

121 982 238 1063 jugera
270 979 392 1047 linco
426 982 492 1066 [vel
525 978 645 1065 DOO]''
675 979 735 1064 (Id.
768 981 849 1044 Aen.
882 977 940 1059 XI,
965 981 1039 1062 316)
1063 980 1238 1058 „Aeneam

126 1127 200 1171 cum
236 1113 328 1191 patre
362 1109 402 1172 ad
436 1108 567 1172 Italiam
605 1108 731 1172 venisse
763 1112 796 1170 et
825 1113 957 1190 propter
985 1108 1115 1172 invasos
1146 1126 1240 1191 agros

126 1239 242 1299 contra
262 1235 417 1298 Latinum
438 1234 658 1315 Turnumque
678 1251 848 1315 pugnasse,
871 1233 907 1294 in
927 1251 992 1314 quo
1005 1232 1129 1315 proelio
1143 1233 1240 1315 periit

126 1361 271 1424 Latinus.
300 1361 449 1425 Turnum
474 1366 585 1444 postea
608 1359 648 1423 ad
673 1357 873 1423 Mezentium
900 1359 1082 1442 confugisse
1106 1361 1240 1442 ejusque

125 1486 248 1549 fretum
279 1485 403 1551 auxilio
429 1486 517 1550 bella
541 1503 723 1562 renovasse,
746 1484 867 1567 quibus
891 1482 1017 1548 Aeneas
1039 1482 1237 1566 Turnusque

125 1612 248 1694 pariter
281 1613 367 1694 rapti
398 1618 485 1676 sunt.
518 1609 674 1694 Migrasse
704 1617 816 1694 postea
845 1611 881 1673 iu
913 1611 1090 1674 Ascanium
1117 1615 1149 1673 et
1172 1607 1240 1673 Me·

124 1738 271 1800 nentium
296 1738 392 1816 bella,
417 1739 471 1804 sed
496 1758 549 1802 eos
572 1738 731 1821 singulari
755 1737 936 1802 certamine
958 1735 1152 1800 dimicasse'’
1178 1734 1238 1818 (ld.

125 1862 208 1927 Aen.
231 1861 258 1942 I,
285 1865 372 1947 267).

169 1987 279 2065 „Cato
313 1991 393 2054 dicit
424 1993 520 2074 juxta
554 1990 824 2055 Laurolauinium
861 2010 963 2073 quum
999 1988 1130 2053 Aeneae
1160 1989 1239 2053 socii

123 2116 260 2198 praedas
302 2122 435 2199 agerent
474 2117 636 2200 proelium
672 2118 896 2196 commissum,
931 2117 966 2179 in
1000 2135 1067 2198 quo
1101 2117 1239 2178 Latinus

124 2242 247 2305 occisus
281 2246 339 2307 est.
374 2241 474 2327 Fugit
505 2243 636 2307 Turnus
666 2250 698 2307 et
720 2243 874 2306 Mezentii
898 2241 1023 2308 auxilio
1048 2246 1237 2325 comparato

122 2368 298 2431 renovavit
339 2368 511 2451 proelium,
546 2389 611 2452 quo
647 2369 754 2432 victus
790 2367 920 2450 quidem
957 2373 1006 2431 est
1039 2368 1081 2432 ab
1115 2366 1237 2431 Aenea.

117 2490 250 2557 Aeneas
284 2501 396 2558 autern
432 2495 467 2557 in
504 2496 572 2578 ipso
604 2495 729 2579 proelio
760 2515 827 2559 uon
858 2494 1051 2577 comparuit,
1075 2492 1237 2556 Ascanius

122 2639 202 2684 vero
224 2626 334 2703 postea
356 2621 556 2686 Mezentium
581 2619 769 2684 interemit''
793 2617 852 2701 (Id.
876 2619 957 2683 Aen.
981 2619 1038 2696 IV,
1064 2618 1149 2702 620).

167 2748 323 2824 „Aeneas
357 2748 497 2811 simulac
532 2748 623 2811 venit
659 2747 700 2810 ad
732 2743 865 2809 Italiam
899 2745 1078 2808 Lavinium
1110 2745 1236 2827 accepit

121 2893 270 2951 uxorem,
295 2879 426 2957 propter
448 2874 534 2957 quod
550 2873 690 2937 Turnus
709 2873 814 2936 iratus
836 2873 951 2935 tamin
965 2872 1119 2934 Latinum
1132 2889 1234 2953 quam

118 3002 156 3064 in
188 3000 332 3064 Aeneam
361 3000 449 3064 bella
471 3000 610 3084 suscepit
634 3019 654 3062 a
677 2999 840 3063 Mezentio
864 2997 1049 3081 impetratis
1072 2993 1235 3076 auxiliis’',

120 3125 180 3209 (Id.
206 3126 286 3192 Aen.
310 3123 368 3204 VI,
401 3127 485 3208 760).

166 3301 185 3330 ‚,
195 3254 229 3318 Si
253 3254 427 3318 veritatem
453 3254 609 3317 historiae
631 3253 781 3335 requiris,
805 3253 913 3334 primo
934 3248 1058 3333 proelio
1079 3251 1234 3313 interem-

119 3386 174 3443 tus
205 3381 343 3442 Latinus
378 3384 426 3444 est
456 3380 490 3441 in
524 3397 598 3442 arce
621 3379 725 3461 (acie),
740 3377 827 3461 inde
850 3376 908 3439 ubi
931 3376 1062 3439 Turnus
1087 3374 1233 3438 Aeneam

118 3505 205 3568 vidit
238 3505 438 3588 superiorem
473 3501 627 3568 Mezentii
658 3504 851 3588 imploravit
882 3502 1057 3565 auxilium.
1085 3499 1233 3563 Secundo

118 3631 243 3715 proelio
277 3630 408 3694 Turnus
441 3631 564 3695 occisus
596 3635 643 3694 est
673 3636 706 3694 et
729 3628 949 3693 nihilomiuus
974 3627 1101 3691 Aeneas
1123 3631 1234 3710 postea

118 3778 187 3821 non
212 3759 410 3841 comparuit:
431 3757 541 3823 Tertio
561 3757 683 3842 proelio
702 3757 899 3820 Mezentium
915 3754 1033 3819 ocairlit
1045 3751 1233 3832 Ascanius’',

119 3882 176 3965 (ld.
202 3883 283 3947 Aen.
307 3879 367 3962 IX,
396 3884 467 3960 742,
492 3883 532 3947 af.
558 3883 613 3960 Vl,
641 3881 714 3959 760,
738 3882 794 3961 IV,
820 3881 905 3963 620).

164 4006 274 4084 „Cato
305 4008 365 4072 hoc
395 4009 486 4084 dicit,
516 4009 625 4090 primo
657 4006 790 4071 Italiam
815 4007 956 4071 tenuisse
979 4006 1148 4089 quosdam,
1172 4007 1231 4088 qui

119 4134 373 4218 appellabantur
396 4133 596 4216 Aborigines.
617 4135 684 4198 Hos
703 4139 815 4217 postea
831 4134 973 4197 adventu
988 4133 1117 4196 Aeneae
1129 4133 1231 4213 Phry·

117 4259 212 4345 gibus
220 4262 352 4344 junctos
364 4260 497 4323 Latinos
510 4279 578 4323 uno
591 4261 727 4324 nomine
740 4259 975 4343 nuncupatos”,
992 4260 1048 4341 (ld.
1059 4258 1139 4321 Aen.
1149 4255 1176 4336 I,
1188 4261 1230 4340 6).

166 4387 202 4452 L.
236 4385 364 4452 Cassius
396 4386 541 4451 Hemina
570 4387 717 4469 aequalis
745 4384 880 4451 Catonis
904 4388 938 4450 in
963 4387 1030 4449 suis
1054 4385 1231 4448 annalibus
