2956 5040
715 365 755 426 80

173 577 357 661 grationem
382 573 642 657 assignaverunt.
665 571 709 635 Hi
732 573 868 635 deorum
889 571 998 634 cultus
1018 590 1083 634 non
1103 589 1162 652 per
1180 588 1215 632 se
1237 568 1300 630 mi·

174 719 270 784 grare
304 699 360 764 sed
391 699 434 762 ah
467 695 658 761 hominibus
689 695 864 777 propagari
894 695 1040 776 cogitare
1069 693 1299 775 neglexerunt,

175 844 243 908 qua
267 823 475 906 neglegentia
498 821 628 884 deducti
652 819 768 883 ceteris
787 819 1035 901 quaestionibus
1054 818 1186 894 relictis,
1200 817 1300 881 obliti

175 954 254 1013 sunt
285 948 374 1011 viros
397 945 565 1028 Trojanos,
589 945 647 1026 qui
671 941 833 1026 Apollinis
857 943 982 1006 cultum
1007 939 1131 1005 Cumas
1157 944 1302 1003 transtu·

175 1074 300 1148 lissent,
325 1077 356 1135 et
382 1069 578 1153 Aphrodites
601 1069 728 1132 cultum
750 1074 783 1132 et
801 1068 949 1132 sahulem
971 1067 1010 1131 de
1032 1067 1143 1130 Aenea
1162 1083 1300 1147 quoque

177 1198 348 1262 traducere
381 1197 547 1280 potuisse3
579 1214 657 1259 narn
694 1195 890 1278 Aphrodites
918 1194 1028 1276 patria
1057 1192 1117 1257 Ide
1149 1196 1229 1269 erat,
1262 1193 1300 1254 in

176 1323 269 1406 cujus
293 1321 469 1398 radicibus,
496 1321 546 1402 (cf.
572 1320 660 1382 Paua
683 1317 717 1381 X
738 1338 791 1402 pg.
811 1319 885 1395 826,
907 1318 994 1401 827.)
1020 1316 1176 1413 Sibyllae,
1201 1314 1301 1397 Apol-

178 1445 257 1507 linis
280 1444 453 1532 aeditumi,
477 1443 576 1508 sedes.
604 1440 693 1506 Haec
716 1442 744 1505 si
768 1461 832 1505 non
857 1440 1152 1524 praetermittimus
1175 1442 1303 1520 praete·

177 1587 298 1652 reaque
328 1567 627 1632 animadvertimus
658 1586 724 1631 non
757 1565 938 1630 sacerdotes
969 1564 1023 1628 sed
1047 1568 1166 1626 nautas
1188 1561 1302 1639 fuisse,

176 1694 235 1777 qui
259 1694 364 1757 altum
389 1696 538 1775 petentes
558 1690 704 1754 fabulam
728 1691 954 1769 traduxerunt,
968 1688 1064 1753 facile
1075 1693 1165 1771 petet
1177 1705 1301 1766 errare,

177 1818 236 1901 qui
267 1816 374 1881 cultus
398 1835 419 1878 a
441 1815 561 1878 sabulis
585 1815 728 1896 ejusdem
755 1815 898 1897 regionis
922 1819 1091 1897 tantopere
1115 1817 1301 1876 secernant.

224 1941 361 2005 Fluctus
385 1946 497 2004 autem
522 1940 667 2003 excitare
690 1939 724 2002 in
749 1940 893 2022 simpulo
914 1940 975 2002 viri
988 1940 1073 2002 docti
1087 1939 1172 2000 mihi
1185 1939 1303 2002 viden·

181 2072 244 2130 tur.
271 2065 404 2128 Etenim
430 2063 519 2145 quod
536 2066 776 2146 argumentum
802 2064 945 2140 fabulae,
968 2082 1074 2145 quum
1099 2063 1141 2126 ad
1164 2062 1302 2126 ltaliam

178 2188 342 2271 pervenit,
367 2206 435 2251 esse
457 2185 588 2268 potuit?
611 2186 667 2249 Nil
691 2186 783 2250 aliud
808 2185 870 2250 nisi
891 2189 968 2252 hoe:
989 2185 1155 2265 „Aeneas,
1174 2185 1302 2269 Aphro·

180 2313 266 2377 dites
302 2311 530 2392 Anchisaeque
563 2311 653 2374 filius
686 2312 839 2376 omnium
871 2311 1088 2393 Trojanorum
1122 2331 1181 2375 rex
1204 2309 1302 2388 erit'’,

180 2438 301 2520 quibus
332 2437 465 2500 fortasse
495 2436 644 2501 addenda
677 2440 771 2499 sunt:
794 2437 882 2517 „qui
905 2441 1081 2518 postquam
1105 2455 1181 2499 cunr
1206 2442 1303 2518 patre

179 2566 212 2625 et
233 2565 291 2623 aut
315 2559 388 2623 sine
410 2559 480 2622 filio
504 2565 563 2622 aut
587 2578 662 2622 cum
688 2578 726 2623 eo
750 2560 849 2642 Troja
871 2559 981 2623 deleta
1003 2560 1044 2622 ad
1066 2542 1159 2623 Idam
1185 2560 1302 2622 coufu-

175 2685 235 2768 git,
267 2685 387 2749 deinde
419 2682 548 2748 Aenum
578 2685 631 2748 vel
655 2683 801 2749 Aeneam
826 2685 971 2749 condidit
995 2685 1092 2749 etad
1116 2684 1296 2748 Arcadiam

177 2806 362 2890 pervenit''.
390 2805 466 2871 Non
488 2807 651 2889 prolecto:
674 2805 940 2891 „Berecynthiae
966 2809 1017 2872 vel
1043 2808 1127 2872 Aeni
1150 2807 1301 2890 sepultus

179 2930 258 3011 est”,
281 2950 369 3015 quae
395 2937 507 2996 tamen
528 2950 661 3014 quoque
680 2933 801 2996 tradita
820 2938 908 2997 sunt.
927 2932 1046 2997 Nonne
1065 2933 1183 2996 exilius
1196 2952 1305 3015 argu·

181 3061 331 3119 mentum
365 3074 467 3138 quern
492 3062 529 3119 ut
551 3056 688 3139 dignum
714 3064 797 3121 esset
818 3058 908 3139 quod
930 3059 1067 3141 posteris
1091 3058 1305 3122 traderetur?

179 3180 275 3244 Talia
301 3181 469 3244 neminem
494 3181 698 3259 condolore,
723 3201 784 3246 nec
806 3183 945 3262 laetitia,
969 3203 1030 3248 nec
1052 3189 1152 3258 metu,
1169 3201 1301 3266 necspe

179 3305 331 3387 implent,
364 3306 445 3368 talia
476 3306 640 3370 oblivioni
670 3307 802 3386 dantur,
834 3306 898 3371 nisi
928 3310 1004 3390 quis
1034 3310 1156 3387 veniet,
1180 3308 1240 3390 qui
1265 3315 1306 3371 ut

178 3430 345 3513 proposita
376 3435 579 3511 assequatur,
611 3448 651 3493 ec
683 3432 725 3495 ah
757 3432 932 3495 hominum
956 3432 1123 3496 oblivione
1147 3430 1304 3495 vindicet.

180 3554 254 3617 Illis
287 3559 454 3636 praeterea
490 3558 527 3616 ut
556 3573 596 3617 ex
620 3552 700 3616 Asia
721 3555 757 3616 in
782 3554 914 3618 Italiam
938 3557 1144 3638 perveniant,
1167 3575 1228 3620 uec
1252 3557 1306 3619 Si·

181 3680 281 3760 byllis
306 3697 414 3761 neque
438 3677 633 3761 Aphrodites
656 3679 746 3742 cultu
770 3699 850 3761 opus
869 3685 918 3744 est
926 3705 935 3759 3
955 3682 1106 3744 carmina
1125 3686 1299 3763 poetarum

179 3803 222 3866 ad
257 3783 437 3867 transitum
468 3801 642 3866 sufficiunt.
675 3804 724 3867 De
756 3805 855 3889 hujus
882 3805 1041 3868 transitus
1071 3805 1200 3868 ratione
1227 3807 1301 3887 jam

180 3930 269 3992 inter
306 3929 458 4009 antiquos
491 3927 664 4009 scriptores
694 3928 929 3994 dissensionem
954 3931 1052 3993 luisse
1076 3930 1243 4014 Vergilius
1267 3937 1302 3995 et

180 4053 360 4135 Dionysius
405 4052 517 4116 testari
562 4052 645 4115 mihi
684 4052 847 4132 videntur,
882 4073 1022 4136 quorum
1058 4055 1115 4118 ille
1151 4023 1300 4120 Aeneam

179 4179 222 4242 ad
256 4177 378 4243 Cumas
416 4178 647 4261 Sibyllamque
681 4178 828 4255 adduxit,
864 4180 917 4244 hic
951 4182 990 4243 de
1025 4200 1065 4244 ea
1098 4200 1134 4244 re
1165 4183 1304 4247 omnino

87 4314 89 4317 ’
114 4382 117 4386 Δ
182 4307 279 4384 tacet,
302 4304 341 4368 de
369 4304 504 4386 templis
527 4323 605 4367 vero
629 4302 821 4385 Aphrodites
844 4306 887 4369 ah
914 4304 1026 4369 Aenea
1049 4306 1145 4370 etde
1171 4308 1304 4390 templis
