2956 5040
794 359 834 421 78

294 573 384 635 Haeo
406 575 518 633 autem
542 568 582 630 de
603 566 759 629 Evandro
783 564 1015 627 constituenda
1039 562 1206 625 videntur.

296 696 382 759 Ante
413 692 600 774 Vergilium
633 689 790 752 Evander
818 688 885 750 dux
918 685 1018 750 Areas
1046 690 1126 762 erat,
1150 685 1209 767 qui
1235 683 1381 747 exsule

251 820 358 904 patria
381 837 455 882 oum
481 816 658 880 comitibus
681 814 715 875 in
740 813 906 874 Palatium
935 811 1142 892 migraverat.
1163 808 1251 871 Eum
1279 810 1382 889 potita

251 945 350 1026 elegit
379 941 579 1022 ornavitque
612 957 676 1001 uon
708 954 810 998 novas
842 935 871 997 ei
898 933 1011 996 titulos
1034 930 1257 1005 attribuendo,
1285 929 1382 991 audi·

253 1087 328 1132 mus
353 1067 444 1131 enim
469 1065 550 1128 Aen.
576 1060 671 1139 VIII,
697 1060 778 1122 313:
803 1058 916 1136 „Tum
942 1077 1000 1121 rex
1023 1056 1178 1119 Evander
1200 1054 1383 1118 Romanae

253 1191 403 1255 eonditor
436 1185 550 1266 arois'',
581 1192 614 1250 et
645 1186 809 1267 359sqq.:
842 1179 1007 1260 „Talibus
1036 1182 1123 1245 inter
1155 1180 1312 1244 sedistis
1339 1179 1383 1244 ad

253 1321 338 1380 teuta
372 1313 532 1377 subibant
566 1311 720 1393 pauperis
750 1307 900 1371 Evandri
914 1354 921 1370 .
936 1352 943 1368 .
957 1352 986 1369 ..
1021 1303 1123 1382 Ande,
1150 1304 1277 1386 hospes,
1302 1322 1382 1367 oon·

255 1446 402 1504 temnere
436 1456 511 1520 opes
542 1442 575 1499 et
606 1442 638 1498 te
671 1452 802 1517 quoque
833 1433 971 1514 dignum
1005 1430 1091 1513 finge
1115 1429 1185 1505 deo,
1211 1429 1383 1511 rebusque

256 1564 334 1627 veui
358 1582 424 1626 non
446 1580 540 1643 asper
563 1557 704 1640 egenis'',
725 1564 757 1620 et
778 1557 841 1620 572
863 1556 977 1637 (verba
996 1555 1099 1637 ipsius
1118 1553 1279 1635 Evandri)
1292 1577 1298 1615 :
1311 1552 1387 1630 „At

256 1708 314 1752 vos
337 1707 356 1752 o
379 1687 499 1769 superi,
523 1690 557 1747 et
579 1683 690 1747 divom
713 1687 749 1744 tu
775 1681 922 1744 maxime
942 1679 1218 1762 rectorJuppiter,
1232 1677 1384 1755 Arcadii,

256 1830 388 1895 quaeso,
424 1809 625 1871 miserescite
659 1807 755 1887 regis.
790 1805 833 1867 Et
868 1804 993 1886 patrias
1023 1802 1134 1866 audite
1164 1799 1308 1885 preces'',
1333 1802 1385 1865 sio

257 1951 422 2015 nusquam
456 1949 532 1993 eum
568 1947 668 2010 supra
700 1927 853 1990 homines
883 1927 1023 2004 extollit,
1047 1925 1102 1989 sed
1126 1927 1155 1988 ei
1180 1925 1384 2007 assignando

260 2060 292 2120 et
316 2062 454 2119 matrem
478 2052 692 2117 Carmentem
718 2058 750 2115 et
771 2052 1054 2115 caeremoniarum
1077 2051 1268 2132 artiumque
1279 2050 1388 2114 intro·

259 2180 461 2256 duetionem,
491 2195 628 2259 quarum
662 2175 752 2256 origo
785 2174 838 2237 vel
872 2174 1052 2238 eGraeeia
1075 2173 1301 2238 deduoebatur
1328 2174 1388 2238 vel

259 2305 387 2368 ineerta
409 2308 488 2366 erat.
512 2301 576 2363 Illa
598 2297 777 2364 Carmenta
800 2347 819 2376 „
829 2299 988 2381 Nympha
1010 2300 1042 2362 ei
1061 2299 1129 2362 fata
1148 2295 1292 2362 oanens''
1307 2271 1387 2374 333,

260 2427 384 2503 „Vates
403 2422 556 2488 latidioa”
575 2424 649 2499 340,
664 2428 767 2486 mater
779 2423 934 2485 Evandro
947 2423 1024 2486 data
1036 2422 1248 2504 ingeniosum
1262 2428 1390 2504 poetae

261 2550 455 2633 figmentum
480 2547 563 2612 mihi
588 2549 730 2623 videtur,
750 2566 816 2628 quo
837 2552 949 2610 tamen
962 2546 1063 2610 simul
1075 2545 1232 2610 Evander
1241 2546 1389 2610 semidei

261 2674 369 2756 speeie
392 2679 541 2738 ornatur.

307 2795 419 2877 Quum
443 2798 533 2860 enim
558 2796 746 2874 Suetonius,
770 2815 970 2861 enumerans
993 2796 1129 2878 publiea
1152 2813 1262 2879 opera,
1287 2797 1390 2861 aedes

264 2927 296 2985 et
331 2922 465 3004 templa,
494 2941 579 3004 quae
610 2923 759 2985 extruxit
792 2921 958 3003 Augustus
989 2940 1040 3003 op.
1065 2922 1106 2983 29
1130 2925 1264 2984 narrat:
1290 2921 1388 2997 „Sed

264 3051 298 3110 et
321 3051 442 3110 eeteros
463 3047 627 3129 prinsipes
650 3046 740 3110 viros
763 3064 858 3127 saepe
883 3047 1033 3108 hortatus
1055 3049 1112 3123 est,
1139 3050 1176 3108 ut
1199 3064 1257 3127 pro
1281 3046 1392 3109 facul-

265 3175 332 3233 tate
355 3169 494 3251 quisque
519 3166 809 3233 monimentisvel
834 3169 940 3248 novis,
966 3166 1017 3232 vel
1040 3168 1170 3232 refectis
1189 3175 1222 3233 et
1242 3171 1390 3234 excultis

266 3295 382 3358 urbem
424 3293 634 3358 adornarent.
671 3292 845 3375 Multaque
880 3312 901 3355 a
937 3293 1053 3356 multis
1088 3297 1169 3356 tuno
1203 3297 1387 3373 exstructa,

267 3419 435 3482 siout...
464 3437 486 3480 a
516 3417 562 3481 M.
594 3438 671 3484 vero
704 3420 849 3501 Agrippa
870 3417 1041 3500 complura
1065 3424 1097 3481 et
1120 3416 1283 3500 egregia'’,
1308 3420 1388 3501 quis

267 3560 388 3623 negare
431 3543 531 3625 possit
565 3543 653 3606 inter
686 3543 767 3606 liaeo
801 3543 909 3605 multa
941 3561 1035 3605 aram
1070 3542 1218 3605 Evandri
1253 3562 1388 3627 quoque

268 3666 378 3744 fuisse,
408 3685 508 3748 quem
532 3662 699 3747 Vergilius
729 3667 765 3729 in
788 3685 846 3729 suu
870 3665 1029 3744 earmina,
1052 3669 1124 3749 post
1148 3663 1218 3748 ejus
1241 3673 1386 3732 mortem

270 3781 369 3868 edito,
392 3789 500 3852 tilium
525 3789 731 3868 Carmentae,
752 3793 822 3874 jam
845 3791 963 3855 diebus
985 3787 1075 3853 festis
1098 3791 1289 3871 honoratae,
1309 3812 1389 3858 oon·

271 3914 411 3979 ditorem
446 3914 618 3979 Romanae
652 3916 736 3977 areis
770 3915 977 3997 appellasset,
1009 3915 1064 3978 oui
1094 3915 1203 3979 Roma
1235 3920 1285 3981 tot
1317 3921 1390 3982 tan·

270 4043 370 4122 teque
392 4037 650 4103 celebratissima
669 4058 761 4102 saera
782 4037 935 4103 deberet?
954 4037 1047 4118 Quae
1068 4039 1213 4121 opinioa
1228 4037 1388 4123 Dionysio

271 4161 435 4239 firmatur,
466 4161 522 4244 qui
546 4162 690 4226 seribeus
711 4163 784 4227 Lib.
807 4163 834 4241 I,
858 4164 918 4227 32:
943 4159 1024 4239 „aul
1048 4161 1105 4243 γὰρ
1129 4161 1263 4244 Εὐάνδρῳ
1289 4165 1392 4239 θυσίας

274 4281 381 4363 ἔμαθον
411 4283 466 4349 ὑπὸ
497 4284 646 4364 Ῥωμαίων
675 4285 902 4366 ἐπιτελουμένας
926 4284 981 4352 ὅσοι
1003 4285 1053 4362 ἔτη
1077 4287 1214 4372 δημοσίᾳ,
1238 4288 1287 4355 καὶ
1311 4300 1389 4374 Kap-
