2956 5040
770 400 833 463 116

235 629 318 686 mus,
350 609 409 691 qui
444 608 564 671 adorea
594 608 673 685 liba,
697 609 803 690 pomis
835 610 1019 691 agrestibus
1043 608 1203 692 subjecta,
1228 629 1356 673 mensas

236 736 341 798 voeat.
376 734 429 796 Sie
462 736 559 815 poeta
593 733 729 809 nodum,
761 733 824 797 sibi
858 733 893 795 in
919 734 1031 816 inepta
1054 734 1169 798 fabula
1193 734 1355 812 oblatum,

234 858 396 941 singulari
427 863 497 920 arte
527 855 706 939 expediisse
740 857 823 919 milri
855 857 985 920 videtur
1007 864 1241 940 praetereaque
1266 878 1356 922 ocea-

233 983 361 1046 sionem
391 982 534 1065 arripuit
556 983 671 1047 Julum
698 983 802 1046 oeulis
826 983 1027 1065 auribusque
1052 984 1225 1047 huminum
1247 984 1356 1048 denuo

235 1107 438 1171 ostendendi.

279 1231 376 1297 Hane
401 1233 590 1315 opinionem
616 1233 721 1296 fusius
744 1232 880 1316 exposui
905 1238 942 1296 ut
966 1233 1097 1297 facilius
1120 1232 1160 1296 sit
1183 1233 1357 1297 intellectu

235 1358 286 1420 his
307 1357 434 1423 adoreis
452 1358 540 1435 libis,
559 1377 642 1440 quas
664 1377 793 1422 mensas
812 1358 907 1421 Julus
928 1359 1071 1434 vocavit,
1084 1377 1160 1422 eum
1174 1358 1359 1422 Penatibus

235 1479 321 1543 nihil
338 1481 520 1563 quidquam
534 1500 712 1545 commune
723 1481 831 1556 fuisse,
844 1488 882 1544 nt
894 1481 1090 1564 Schwegler,
1104 1481 1144 1544 R.
1157 1480 1198 1543 G.
1211 1499 1265 1563 pg.
1280 1481 1355 1559 324,

235 1610 267 1668 et
288 1606 423 1682 Preller,
448 1605 543 1669 Rem.
568 1606 673 1687 Myth.
695 1603 741 1683 II,
766 1625 818 1689 pg.
845 1607 907 1668 324
931 1607 1181 1670 contenderunt.
1206 1605 1255 1668 Ad
1277 1607 1359 1670 hane

234 1729 431 1792 sententiam
454 1730 518 1791 viri
539 1729 626 1793 doeti
643 1730 914 1794 annotationibus
926 1730 1033 1793 Servii
1045 1729 1086 1792 ad
1101 1728 1181 1793 Aen.
1195 1727 1260 1806 ΙΙΙ,
1275 1731 1358 1794 257:

232 1854 414 1929 „ambesas
432 1854 576 1936 undique
589 1874 669 1932 esas,
685 1855 743 1918 hoe
756 1860 803 1917 est
816 1854 983 1917 rotundas.
997 1854 1135 1936 Majores
1149 1854 1238 1916 enim
1253 1856 1357 1918 nostri

236 1979 294 2040 bas
318 1997 447 2041 mensas
471 1978 638 2042 habebant
661 1982 697 2042 in
722 1979 845 2044 honore
868 1979 1017 2056 deorum,
1042 1979 1187 2060 panicias
1210 1978 1356 2042 seilicet”

234 2108 268 2167 et
292 2104 413 2168 Donati
437 2105 479 2167 ad
503 2103 525 2165 l.
550 2104 598 2167 d.:
623 2122 783 2180 „mensas
807 2103 894 2180 dicit,
918 2122 1003 2184 quae
1027 2123 1067 2166 ex
1091 2103 1259 2167 frumento
1284 2124 1357 2167 eon·

232 2228 335 2291 festae
358 2229 420 2291 diis
439 2225 621 2291 Penatibus
643 2226 894 2292 consecrantur’'
918 2229 999 2290 mihi
1019 2227 1168 2309 perducti
1188 2228 1355 2292 videntur.

234 2348 354 2414 Nullus
384 2352 475 2415 enim
500 2352 658 2432 locurum,
682 2353 742 2435 qui
766 2353 872 2416 abiis
895 2353 1052 2429 citantur,
1077 2370 1185 2434 neque
1209 2350 1356 2415 Naevius

235 2475 271 2540 B.
296 2476 332 2538 P.
357 2477 396 2542 fr.
424 2479 461 2539 6:
485 2479 732 2561 „postquamde
754 2497 832 2541 aves
854 2478 981 2559 aspexit
1005 2479 1039 2540 in
1064 2478 1188 2560 templo
1210 2476 1355 2540 Anchisa

234 2598 333 2662 Sacra
367 2600 403 2662 in
439 2619 555 2663 mensa
586 2601 765 2664 Penatium
798 2601 912 2664 ordine
942 2607 1123 2683 ponuntur,
1147 2600 1233 2663 Tum
1261 2600 1355 2664 vieti·

235 2742 324 2786 marn
355 2725 552 2787 Immolabat
581 2744 716 2788 auream
741 2722 945 2808 pulchram’',
971 2745 1031 2788 nee
1053 2725 1127 2787 Liv.
1152 2724 1279 2802 XXVI,
1305 2727 1354 2803 36,

234 2851 271 2910 6:
296 2855 363 2925 „ut
386 2850 532 2912 salinum
557 2851 783 2933 patellamque
802 2850 938 2914 deorum
951 2869 1050 2914 eausa
1064 2851 1184 2914 habere
1195 2850 1353 2933 possint’',

233 2993 295 3037 nee
318 2970 447 3037 Plinius
471 2971 626 3052 XXXIII,
652 2975 734 3037 153:
758 3021 777 3051 „
787 2974 969 3049 Fabricius,
988 2975 1047 3057 qui
1068 2974 1239 3038 bellicosos
1252 2975 1357 3057 impe·

232 3102 356 3161 ratores
387 3099 564 3181 plusquam
594 3105 742 3181 pateram
774 3104 808 3162 et
829 3099 974 3162 salinum
1000 3099 1119 3162 habere
1143 3118 1184 3161 ex
1207 3104 1349 3182 argento

233 3222 398 3302 vetabat',
433 3243 493 3288 neo
530 3219 603 3287 Val.
639 3224 727 3286 Max.
759 3224 818 3298 IV,
849 3226 880 3301 4,
912 3224 949 3285 3:
973 3221 1042 3300 „In
1065 3223 1211 3287 Fabricii
1235 3229 1269 3287 et
1292 3222 1354 3304 Qu.

233 3347 367 3411 Aemilii
401 3349 484 3432 Papi
519 3350 659 3413 aedibus
688 3354 862 3432 argentum
887 3349 985 3412 fuisse
999 3395 1006 3410 .
1022 3396 1030 3411 .
1044 3396 1074 3412 ..
1098 3352 1236 3430 uterque
1259 3350 1350 3412 enim

232 3472 391 3554 patellam
413 3474 547 3537 deorum
565 3478 597 3537 et
612 3474 757 3536 salinum
772 3471 920 3555 habuit'’,
933 3493 992 3537 nee
1004 3474 1119 3536 Festus
1131 3473 1153 3535 i.
1169 3474 1355 3549 attonsae,

233 3615 287 3678 pg.
324 3595 406 3659 1572
444 3597 595 3679 „privati
629 3616 760 3680 quoque
793 3599 829 3659 in
861 3598 977 3679 primis
1009 3597 1129 3678 (salina
1161 3603 1194 3659 et
1216 3598 1357 3679 patellas

233 3725 415 3804 apponunt)
451 3723 513 3784 ubi
548 3741 656 3786 saeras
691 3723 836 3786 habituri
872 3723 948 3804 (sint
984 3741 1112 3785 mensas
1150 3723 1185 3784 in
1221 3722 1354 3805 quibus)

230 3846 416 3927 parentatio
447 3866 514 3910 non
546 3847 757 3936 saerifie(ium
786 3847 858 3911 fieri
887 3844 1020 3929 possit)”
1044 3853 1076 3910 et
1098 3847 1165 3910 i.v.
1190 3846 1356 3924 Salinum,

230 3989 282 4052 pg.
308 3971 390 4033 329:
415 3971 601 4047 „Salinum
628 3972 664 4034 in
690 3991 804 4036 mensa
822 3991 881 4055 pro
902 3971 1017 4053 aquali
1036 3971 1171 4035 solitum
1185 3990 1253 4035 esse
1265 3973 1354 4053 puni,

231 4097 278 4174 ait
303 4095 462 4178 (Verrius)
483 4116 559 4159 eum
579 4097 793 4179 patellaquia
804 4096 890 4159 nihil
902 4096 992 4159 aliud
1004 4097 1047 4160 sit
1058 4096 1107 4158 sal
1119 4116 1219 4180 quarn
1232 4096 1355 4179 aqua’',

231 4224 265 4281 et
295 4238 407 4281 rursus
438 4237 492 4301 pg.
528 4220 608 4281 ets:
638 4219 818 4296 „Salinum
842 4239 916 4284 oum
942 4219 1067 4282 selein
1093 4239 1207 4283 mensa
1230 4239 1352 4302 ponere

228 4342 339 4426 figulis
362 4344 514 4426 religioni
539 4344 678 4408 babetur
699 4345 789 4428 sqq.”
814 4363 921 4427 neque
944 4342 1112 4408 Arnobius
1138 4345 1180 4422 H,
1207 4345 1265 4410 67:
1288 4348 1354 4424 „in
