2956 5040
689 409 727 468 81

142 620 237 684 statis
270 618 557 683 observationibus
586 620 773 694 annotatae,
798 618 834 678 in
866 617 988 699 quibus
1012 617 1183 699 praecipue
1206 635 1269 679 ser·

144 751 264 808 vantur
288 744 462 828 Agonalia,
487 740 716 806 Carmentalia
739 738 965 823 Lupercalia.’'

188 871 216 931 Ε
247 869 369 950 quibus
399 872 513 949 patere
546 867 631 928 mihi
663 866 796 928 videtur
826 861 1051 928 Carmentalis
1071 863 1139 947 jam
1164 885 1270 928 remo-

146 995 286 1058 tioribus
319 993 525 1076 temporibus
550 991 716 1056 celebrata
740 1011 819 1055 esse.
846 988 892 1054 De
913 992 994 1053 deae
1017 997 1139 1054 natura
1159 997 1269 1055 tamen

145 1120 306 1200 ambigua
332 1118 453 1180 tradita
472 1122 560 1179 sunt.

190 1243 319 1307 Gellius
343 1246 583 1305 commemorat
602 1240 722 1323 scripta
743 1240 901 1304 Varronis
920 1239 1086 1316 XV1,16:
1108 1237 1270 1319 „Quando

145 1369 249 1450 igitur
272 1371 386 1430 contra
410 1369 564 1429 naturam
590 1364 673 1427 forte
694 1365 842 1427 conversi
863 1365 899 1426 in
920 1364 1026 1446 pedes,
1048 1364 1191 1427 brachiis
1204 1364 1271 1446 ple·

151 1511 294 1575 rumque
318 1490 476 1567 deductis,
500 1491 634 1553 retineri
659 1490 773 1566 solent,
798 1489 993 1572 aegriusque
1017 1493 1090 1551 tum
1116 1488 1270 1552 mulieres

154 1618 339 1681 enituntur.
373 1615 483 1698 Hujus
513 1615 653 1697 periculi
677 1614 871 1696 deprecandi
896 1614 1004 1696 gratia
1026 1632 1102 1676 arae
1127 1618 1271 1676 statutae

147 1747 226 1805 sunt
263 1741 390 1804 Romae
424 1739 551 1802 duabus
588 1738 833 1813 Carmentibus,
868 1757 1012 1819 quarum
1047 1739 1150 1802 altera
1181 1738 1272 1800 Post·

149 1871 244 1929 verta
278 1864 510 1947 cognominata
548 1868 606 1941 est,
645 1864 766 1925 Prorsa
798 1863 914 1940 altera,
945 1881 965 1924 a
995 1862 1110 1925 directi
1142 1881 1271 1944 perver-

148 1991 241 2072 sique
263 1994 377 2072 partus
401 1994 433 2053 ct
457 1992 618 2069 potestate
641 1993 673 2050 et
697 1987 864 2051 nornine.''
888 1985 1028 2050 Ovidius
1051 1988 1138 2050 Fast.
1159 1987 1186 2062 I,
1208 1987 1271 2048 617

149 2114 264 2178 scribit
288 2113 330 2195 (a.
351 2112 382 2175 d.
403 2109 499 2174 XVII
523 2112 689 2176 Kalendas
708 2112 936 2194 Februarias):
959 2109 1153 2193 „Respiciet
1174 2109 1272 2173 Titan

149 2245 239 2302 actas
263 2239 322 2302 ubi
348 2238 463 2301 tertius
486 2237 571 2314 Idus,
595 2237 695 2300 Fient
719 2237 914 2299 Parrhasiae
938 2257 1030 2300 sacra
1054 2237 1159 2299 relata
1182 2237 1271 2300 deae.

149 2363 235 2425 Nam
260 2363 351 2446 prius
376 2361 541 2425 Ausonias
565 2365 686 2424 matres
705 2367 862 2443 carpenta
883 2363 1048 2424 vehebant
1056 2387 1064 2437 ;
1078 2359 1157 2424 Mox
1171 2362 1274 2425 honor

149 2488 289 2570 eripitur
325 2492 543 2569 matronaque
577 2488 722 2550 destinat
753 2486 862 2548 omnis
891 2485 1044 2568 Ingratos
1067 2487 1161 2548 nulla
1184 2487 1275 2567 prole

151 2631 277 2676 novare
298 2612 395 2677 viros.
418 2660 424 2675 .
442 2659 449 2675 .
464 2612 659 2674 ..Porrima
677 2612 828 2694 placatur
842 2612 1091 2693 Postuertaque,
1104 2613 1173 2674 sive
1187 2631 1273 2675 soro·

148 2755 202 2799 res
234 2737 312 2799 Sive
342 2736 440 2819 fugae
472 2736 619 2814 comites,
643 2733 789 2798 Maenali
816 2736 905 2814 diva,
929 2743 1015 2799 tuae.
1042 2735 1162 2822 Altera,
1186 2737 1273 2818 quod

150 2863 246 2942 porro
269 2857 385 2939 fuerat,
410 2859 564 2924 cecinisse
587 2865 739 2942 putatur:
763 2861 886 2937 Altera,
907 2881 1079 2923 versurum
1103 2862 1273 2943 postmodo

150 2986 316 3069 quidquid
350 2984 452 3050 erat.'’
477 2987 515 3048 In
548 2987 637 3048 diem
669 2983 720 3046 III
752 3005 781 3049 a.
813 2986 891 3049 Idus
921 2983 1098 3049 lanuarias
1129 2987 1270 3050 eundern

151 3111 343 3174 audivimus
377 3109 404 3189 I,
439 3113 520 3173 461:
552 3112 739 3186 „Proxima
771 3112 945 3194 prospiciet
976 3111 1118 3174 Tithono
1143 3112 1274 3175 Aurora

137 3222 266 3298 relicto
291 3234 453 3299 Arcadiae
476 3254 606 3298 sacrum
631 3235 819 3317 pontificale
843 3235 932 3299 deae.
960 3237 1144 3300 ....Unde
1163 3245 1273 3320 petam

152 3378 268 3422 causas
292 3359 410 3424 horum
438 3379 630 3442 moremque
652 3358 843 3423 sacrorum?
858 3408 864 3422 .
958 3359 1033 3443 Ipsa
1058 3382 1164 3440 mone,
1190 3382 1275 3445 quae

153 3503 278 3547 nomen
314 3485 413 3548 habes
448 3505 469 3547 a
503 3487 653 3548 carmine
684 3486 835 3560 ductum,
864 3486 1100 3567 Propositoque
1124 3487 1209 3564 fave,
1234 3506 1277 3550 ne

153 3612 232 3671 tuus
255 3612 340 3672 erret
362 3606 468 3672 honor
482 3656 489 3672 .
504 3657 511 3673 .
526 3654 555 3674 ..
582 3609 627 3671 At
649 3609 730 3672 felix
753 3613 854 3687 vates,
868 3614 905 3672 ut
917 3609 966 3671 dis
978 3610 1166 3691 gratissima
1178 3611 1274 3687 vixit,

153 3735 302 3797 Possidet
337 3735 426 3798 hunc
459 3736 533 3796 lani
569 3736 614 3798 sio
649 3735 710 3798 dea
745 3754 857 3797 mense
892 3735 1013 3798 diem.”
1050 3736 1104 3798 Sic
1135 3735 1276 3800 Ovidius

155 3863 331 3940 utramque
366 3859 446 3921 deae
478 3864 632 3921 naturam
665 3859 763 3922 refert
793 3859 948 3940 idemque
979 3859 1056 3922 facit
1079 3859 1277 3922 Plutarchus

155 3982 250 4046 Rom.
288 3984 340 4061 al,
377 3985 413 4045 2:
449 3982 741 4062 ,,Κοιρμε’νταν....
773 3989 876 4062 μοῖραν
907 3976 976 4045 εἶναι
1006 3983 1103 4063 κυρίαν
1131 3984 1277 4064 ἀνθρώπου

155 4104 292 4182 γενέσεως
305 4153 312 4170 .
328 4153 357 4170 ..
373 4155 380 4171 .
405 4106 551 4184 annotans
574 4109 671 4172 srva’ss
694 4109 860 4192 Vergilius
873 4129 946 4172 eam
959 4108 1151 4192 Nympham
1165 4116 1274 4173 vatem

155 4231 324 4295 fatidicam
348 4238 477 4296 tanturn
503 4234 660 4316 appellat.

198 4357 387 4421 Secundum
410 4359 514 4422 verba
536 4360 571 4421 in
596 4361 704 4422 Fastis
726 4361 965 4423 Praenestinis:
991 4361 1132 4436 „omine
1158 4362 1270 4425 morti·

1162 4483 1179 4532 c
