2956 5040
631 427 672 487 49

84 635 193 719 prima
222 637 369 720 figmenti
395 634 532 720 vestigia
557 637 758 713 invenimus,
786 654 870 717 quae
896 637 979 699 hanc
1006 635 1208 719 conjunctio·

86 779 165 824 nem
188 779 208 822 a
230 761 476 842 consanguineo
499 757 712 836 Cassandrae,
738 759 948 822 vaticinantis
967 759 1056 822 filiae
1068 760 1203 837 Priami,

85 891 254 968 peractam
275 892 504 965 narraverunt,
525 906 609 969 quae
628 885 776 949 Naevius
798 888 930 950 nomine
953 885 1082 950 Aeneae
1097 888 1207 950 addito

88 1012 268 1075 vernacula
288 1011 401 1094 lingua
421 1014 457 1074 in
476 1010 607 1076 Italiam
621 1013 815 1077 introduxit.
831 1014 957 1076 Deinde
974 1013 1110 1091 Aeneas,
1122 1014 1209 1095 quie

87 1156 201 1200 rerum
225 1142 345 1200 natura
368 1157 443 1202 suos
468 1139 607 1201 Penates
626 1158 737 1202 secum
758 1139 854 1222 Troja
867 1141 1017 1217 adduxit,
1031 1140 1143 1203 eadem
1159 1159 1208 1201 ra·

88 1262 183 1325 tione
204 1282 279 1326 mox
298 1270 330 1326 et
352 1282 428 1327 cum
453 1263 602 1341 Lavinio,
627 1264 700 1328 sede
725 1265 887 1329 Penatum
912 1265 1153 1342 Romanorum,
1178 1272 1211 1329 et

90 1406 169 1450 oum
192 1389 371 1471 priscorum
397 1396 581 1472 temporum
604 1391 700 1454 rebus
719 1391 816 1473 gestis
836 1393 1032 1473 conjunctus
1055 1398 1111 1454 est.
1132 1391 1210 1455 Post

93 1516 201 1579 varios
234 1536 336 1596 casus,
372 1519 462 1580 varie
500 1517 644 1595 traditos,
680 1522 751 1599 post
786 1519 949 1600 proelium
984 1538 1061 1581 cum
1093 1516 1207 1580 Turno

90 1641 198 1705 dictus
220 1647 268 1705 est
292 1662 456 1725 nusquam
478 1645 715 1727 comparuisse.
735 1644 817 1706 Julii
838 1651 949 1708 autem
966 1664 1053 1721 eum,
1069 1643 1212 1720 Ascanii,

90 1767 114 1830 i.
139 1785 167 1831 e.
197 1767 265 1831 Juli
296 1773 434 1851 patrem,
468 1771 710 1853 progenitorem
743 1771 793 1832 sui
826 1771 955 1854 generis
989 1771 1212 1834 vindicabant.

91 1893 169 1955 Jam
200 1895 236 1955 in
268 1913 381 1958 eorum
416 1897 572 1960 honorem
604 1896 848 1960 incrementum
872 1896 985 1959 fabula
1008 1897 1102 1978 cepit,
1126 1896 1213 1978 quod

94 2021 126 2083 ei
161 2020 248 2084 inter
271 2021 352 2085 alias
377 2028 443 2084 tam
470 2023 631 2086 eximium
658 2023 767 2086 locum
792 2023 933 2105 paravit.
959 2021 1086 2085 Aeneas
1108 2022 1213 2085 dictus

95 2149 145 2210 est
168 2147 255 2224 dene,
279 2153 312 2211 et
330 2149 500 2230 ingenium
525 2144 672 2230 Vergilii,
688 2146 830 2229 impulsu
853 2148 992 2231 Augusti
1020 2149 1212 2222 excitatum,

95 2272 236 2354 antiqua
267 2274 387 2337 tradita
417 2273 560 2354 collegit,
593 2271 769 2349 ordinavit,
804 2274 955 2350 mutavit,
983 2274 1124 2336 ornavit.
1146 2271 1212 2352 Qui

71 2466 74 2471 ,
96 2397 165 2460 dux
194 2399 412 2482 Trojanorum
443 2405 515 2464 erat
538 2398 669 2476 Catoni,
694 2399 817 2463 abillo
841 2400 1002 2463 semideus
1029 2400 1133 2463 factus
1155 2405 1213 2463 est.

97 2523 165 2604 Qui
188 2527 364 2589 secundum
390 2527 478 2590 huuc
501 2527 694 2590 Latinorum
722 2526 823 2590 hostis
847 2545 925 2608 agro
952 2526 1114 2588 Laurento
1135 2527 1217 2607 poti·

100 2656 152 2714 tus
175 2656 254 2730 erat,
278 2652 457 2716 secuudum
479 2652 665 2735 Vergilium
690 2652 818 2715 nomini
839 2651 958 2713 Latino
979 2653 1133 2734 pepercit,
1148 2672 1213 2715 non

99 2776 163 2839 sibi
192 2775 324 2839 Latium
355 2776 491 2859 subjecit
521 2777 575 2840 sed
599 2796 619 2838 a
643 2795 717 2859 rege
741 2777 821 2858 ipso,
846 2776 904 2858 qui
929 2776 1040 2838 statim
1065 2776 1096 2838 ei
1120 2795 1213 2838 suam

100 2900 215 2977 filiam,
235 2902 421 2981 Lauiniam,
443 2923 578 2966 uxorem
598 2903 780 2986 spopondit,
793 2908 947 2985 exceptus
966 2908 1023 2966 est.
1036 2902 1215 2966 Penatibus

101 3027 168 3090 suis
190 3025 297 3091 locum
323 3028 461 3111 dignum
486 3028 716 3092 tautummodo
739 3028 867 3110 petivit.
892 3029 1069 3090 Lavinium
1091 3028 1215 3103 condit,

100 3154 214 3236 itaque
233 3157 348 3218 auctor
370 3155 485 3230 cultus,
509 3155 566 3237 qui
588 3152 742 3218 omnibus
754 3153 913 3217 Romanis
925 3155 1120 3216 sacerrimus
1131 3157 1213 3230 erat,

102 3279 208 3343 factus
231 3285 288 3344 est.
314 3280 375 3344 Sed
398 3281 493 3363 plura
515 3286 613 3364 poeta
643 3277 792 3344 coniecit.

150 3404 279 3469 Aeneae
313 3407 376 3470 iter
409 3427 429 3470 a
451 3407 549 3490 Troja
573 3425 674 3488 usque
698 3405 740 3469 ad
764 3404 892 3468 Tiberis
915 3406 1000 3468 ostia
1023 3405 1217 3486 composuit.

104 3531 188 3595 Toto
218 3533 348 3597 itineris
369 3538 476 3598 tractu
502 3535 590 3597 inter
617 3537 745 3598 Aenum
774 3538 806 3595 et
829 3531 988 3607 Siciliam,
1011 3551 1111 3614 quem
1136 3533 1220 3594 anti·

105 3657 233 3739 quiores
267 3659 439 3741 scriptores
474 3679 540 3723 non
576 3663 783 3736 curaverant,
808 3678 886 3721 usus
916 3664 963 3721 est
985 3664 1021 3720 ut
1044 3657 1218 3721 adduceret

106 3783 252 3847 Aeneam
283 3786 325 3848 ad
358 3786 431 3849 loca
457 3783 696 3869 antiquissimis
719 3784 837 3848 tabulis
861 3786 1024 3866 rebusque
1046 3786 1127 3847 actis
1154 3804 1219 3847 me-

107 3911 294 3974 morabilia.
336 3912 422 3975 Eum
464 3912 612 3994 depinxit
647 3910 893 3975 descendentem
929 3911 964 3972 in
999 3908 1120 3974 Orcum
1160 3911 1216 3973 ubi

106 4036 261 4118 antiquos
284 4036 496 4115 Graecorum,
520 4039 648 4101 futuros
672 4037 900 4100 Romanorum
921 4035 1007 4099 viros
1026 4034 1218 4099 fortissimos

106 4162 256 4244 adspicit,
276 4163 297 4224 i.
311 4183 338 4227 e.
360 4163 506 4226 Aeneam
521 4163 651 4246 antiqui
667 4163 827 4245 hujusque
841 4161 996 4242 temporis
1009 4161 1088 4224 novi
1102 4160 1217 4222 mundi

106 4290 363 4367 intercessorem,
376 4290 539 4353 auxilium
562 4294 726 4372 petentem
741 4288 783 4350 ab
797 4288 958 4364 Evandro,
971 4286 1119 4348 Palatini
1133 4306 1217 4368 rego,

106 4416 130 4477 i.
150 4434 178 4479 e.
213 4416 355 4478 Aeneam
381 4416 453 4478 loca
477 4415 648 4492 visentem,
674 4415 708 4475 iu
736 4413 855 4495 quibus
877 4418 948 4495 post
974 4413 1094 4476 multos
1118 4432 1221 4476 annos

1106 4535 1123 4585 4
