2956 5040
722 363 758 423 9]

175 569 357 651 Tyrrhenis
397 589 493 652 asper
535 569 578 633 ab
619 569 684 632 oris
718 567 935 651 Contemptor
970 569 1081 632 divom
1119 568 1300 633 Mezentius

175 696 376 778 agminaque
410 700 529 758 armat.
560 694 667 757 Filius
698 695 775 756 huic
804 695 902 776 juxta
933 690 1148 757 Lausus....
1182 693 1301 775 dignus

177 819 293 901 patriis
315 819 373 901 qui
396 819 517 883 laetior
539 825 622 883 esset
646 816 809 901 Imperiis,
834 823 867 882 et
888 819 942 882 cui
963 824 1055 899 pater
1070 819 1160 882 haud
1171 819 1298 882 Mezen·

176 945 243 1007 tius
275 943 389 1021 esset'',
413 941 504 1019 VIII,
528 945 611 1007 481:
635 941 760 1021 „Hauc
785 942 965 1026 (Agyllam)
988 942 1108 1006 multos
1131 944 1300 1007 florentem

175 1089 279 1132 annos
301 1089 359 1132 rex
382 1069 500 1133 deinde
523 1071 664 1150 superbo
689 1068 834 1150 Imperio
859 1074 891 1132 et
913 1069 1021 1131 saevis
1047 1069 1156 1130 tenuit
1175 1069 1302 1132 Mezen·

177 1193 241 1258 tius
275 1197 388 1259 armis.
424 1193 512 1274 Quid
548 1214 729 1259 memorem
762 1193 916 1257 infandas
947 1193 1070 1270 caedes,
1101 1193 1181 1275 quid
1214 1193 1302 1257 lacta

178 1321 311 1402 tyranni
334 1318 465 1384 Effera?
483 1321 517 1382 di
536 1321 639 1400 capiti
658 1319 761 1402 ipsius
772 1319 952 1400 generique
965 1317 1153 1382 reservent!
1168 1315 1302 1380 Mortua

178 1447 259 1528 quin
285 1445 384 1509 etiam
406 1445 569 1527 jungebat
589 1463 725 1526 corpora
745 1444 841 1520 vivis,
855 1441 1064 1525 Componens
1081 1443 1300 1524 manibusque

181 1590 300 1633 manus
330 1576 431 1652 atque
455 1571 569 1634 oribus
593 1589 660 1648 ora,
682 1570 854 1634 Tormenti
874 1588 988 1652 genus,
1001 1574 1034 1631 et
1053 1569 1145 1632 sanie
1159 1567 1301 1650 taboque

177 1693 314 1757 fluentes
335 1693 519 1776 Complexo
541 1694 578 1754 in
605 1693 723 1756 misero
748 1693 847 1775 longa
869 1694 915 1756 sic
940 1698 1044 1755 morte
1063 1691 1238 1767 necabat”,
1260 1689 1300 1768 X,

179 1820 259 1880 689:
285 1815 356 1896 „Iu
380 1819 580 1881 Mezentium
606 1818 775 1882 ardentem
801 1837 917 1882 omnes
943 1816 1052 1895 Tusci,
1078 1818 1138 1899 qui
1161 1819 1302 1881 oderunt

182 1961 269 2019 eum,
294 1939 466 2006 inruunt.'’

226 2063 265 2128 Iu
292 2066 352 2128 hac
376 2067 444 2147 ejus
466 2066 588 2130 indolis
612 2067 829 2148 descriptione
851 2068 1061 2150 agnoscimus
1084 2068 1186 2131 verba
1205 2066 1302 2131 Cato·

179 2192 247 2268 nis,
272 2191 313 2253 of.
337 2187 440 2253 Maon.
465 2191 533 2253 Sat.
559 2187 623 2271 III,
649 2192 679 2266 5,
703 2189 760 2252 10:
780 2191 960 2268 „aitenim
978 2189 1085 2274 (Cato)
1100 2191 1301 2255 Mezentium

181 2317 318 2380 Rutulis
354 2317 531 2398 imperasse
566 2321 604 2379 ut
639 2315 702 2379 sibi
734 2314 909 2394 obferreut,
941 2336 1021 2399 quas
1052 2316 1114 2378 diis
1138 2316 1303 2399 primitias

180 2441 396 2518 obferrebant,
432 2445 466 2503 et
499 2441 635 2504 Latinos
670 2459 784 2504 omnes
814 2441 934 2503 similis
965 2441 1098 2523 imperii
1131 2445 1223 2504 metu
1254 2442 1303 2505 ita

179 2567 325 2630 vovisse:
350 2567 540 2648 „Juppiter,
565 2566 593 2628 si
618 2567 678 2629 tibi
705 2567 810 2648 magis
834 2566 925 2630 cordi
948 2571 998 2629 est
1018 2586 1077 2629 nos
1096 2586 1135 2630 ea
1149 2567 1211 2630 tibi
1224 2568 1302 2631 dare

179 2691 286 2773 potius
310 2710 409 2772 quam
435 2690 608 2767 Mezentio,
631 2691 680 2752 uti
702 2709 761 2753 nos
780 2690 920 2754 victores
932 2690 1066 2754 lacias.”
1079 2688 1173 2770 Quae
1186 2661 1301 2755 eadem

180 2817 217 2879 Α.
241 2817 432 2879 Postumius
456 2821 489 2878 et
513 2813 541 2877 Ι.
566 2813 689 2879 Caesar
712 2835 862 2879 narrasse
883 2816 1062 2894 videntur;
1086 2817 1125 2880 cl.
1148 2816 1246 2880 Auct.
1270 2817 1301 2879 d.

178 2960 224 3004 or.
248 2946 339 3022 gent.
362 2940 460 3003 Rom.
483 2959 522 3022 cp
558 2940 617 3003 15:
651 2939 797 3022 „Itaque
830 2941 909 3004 vino
942 2960 984 3003 ex
1016 2941 1109 3005 omni
1133 2939 1303 3004 vindemia

177 3065 254 3127 Jovi
276 3063 410 3146 publice
433 3069 510 3128 voto
535 3069 787 3146 consecratoque
810 3065 924 3127 Latini
948 3071 1140 3148 eruperunt,
1167 3066 1302 3147 fusoque

176 3190 320 3272 presidio
343 3191 579 3272 interfectoque
602 3191 709 3254 Lauso
733 3187 934 3254 Mezentium
955 3191 1067 3272 lugam
1087 3191 1193 3254 facere
1212 3209 1302 3272 coge·

178 3320 266 3377 runt.
297 3314 329 3378 Is
358 3320 471 3396 postea
493 3334 552 3397 per
576 3315 699 3398 legatos
724 3316 908 3377 amicitiam
934 3315 1192 3396 societatemque
1215 3317 1302 3378 Lati-

179 3458 299 3502 norum
322 3438 546 3520 impetravit.”
571 3439 699 3502 Deinde
718 3457 823 3521 quum
845 3439 977 3502 Plinius
997 3435 1087 3517 XIV,
1101 3440 1142 3500 88
1165 3444 1303 3503 testatur

179 3564 363 3627 Varronem
387 3563 567 3647 scripsisse:
589 3565 824 3641 „Mezentium
845 3565 1000 3629 Etruriae
1012 3584 1121 3647 regem
1135 3564 1301 3628 auxilium

180 3689 312 3752 Rutulis
340 3694 454 3753 contra
476 3686 613 3752 Latinos
637 3689 750 3753 tulisse
774 3687 847 3753 vini
872 3691 1031 3768 mercede,
1054 3691 1144 3772 quod
1169 3695 1240 3753 tum
1265 3691 1301 3752 in

180 3813 299 3875 Latino
316 3832 395 3894 agro
409 3810 552 3890 luisset'';
564 3833 668 3895 quum
681 3833 778 3895 porro
792 3815 888 3877 nobis
901 3814 944 3877 ab
959 3814 1155 3896 Augustino,
1168 3815 1203 3876 in
1217 3814 1301 3878 libro

180 3943 292 3999 contra
314 3935 490 3999 Julianum
514 3937 732 4019 Pelagianum
755 3933 811 4013 IV,
836 3938 872 3998 15
897 3936 1211 4000 verbaeCiceronis
1223 3938 1303 4000 Hor·

181 4061 283 4125 tensio
319 4062 424 4124 relata
457 4067 536 4125 sunt
572 4063 668 4126 haec:
704 4081 921 4144 „verumque
953 4063 995 4125 sit
1025 4063 1119 4141 illud,
1144 4064 1231 4144 qnod
1254 4069 1303 4127 est

180 4187 266 4267 apud
296 4186 519 4263 Aristotelem,
552 4187 654 4248 simili
683 4207 741 4250 nos
764 4187 905 4250 adfectos
928 4187 1089 4267 supplicio
1114 4192 1213 4268 atque
1236 4206 1301 4265 eos,

180 4312 236 4389 qui
272 4312 439 4391 quondam
474 4313 621 4374 cumin
659 4311 864 4392 praedonum
898 4312 1111 4374 Etruscorum
1144 4312 1302 4374 manibus
