2956 5040
725 57 760 116 9]

175 264 359 345 Tyrrhenis
400 282 495 346 asper
538 263 581 328 ab
622 263 686 326 oris
721 260 938 345 Contemptor
972 262 1083 327 divom
1121 263 1302 327 Mezentius

176 390 378 472 agminaque
413 394 531 453 armat.
563 388 669 451 Filius
701 389 778 452 huic
807 389 904 470 juxta
935 383 1151 452 Lausus...
1184 388 1303 470 dignus

178 514 295 596 patriis
317 512 374 596 qui
399 514 519 576 laetior
541 518 624 577 esset
648 510 812 595 Imperiis,
837 517 869 576 et
890 513 944 576 cui
964 518 1058 594 pater
1073 513 1301 578 haudMezen·

177 639 245 702 tius
277 637 392 717 esset’',
416 635 506 713 VIII,
531 640 613 700 481:
637 634 763 715 „Hanc
787 636 967 721 (Agyllam)
991 638 1110 701 multos
1134 639 1302 702 florentem

176 783 281 827 annos
303 783 361 826 rex
384 763 502 827 deinde
525 764 666 846 superbo
692 762 836 844 Imperio
861 769 893 826 et
916 764 1023 826 saevis
1050 763 1158 826 tenuit
1177 764 1304 826 Mezen·

177 888 244 953 tius
278 891 390 953 armis.
426 887 514 971 Quid
549 908 731 952 memorem
764 887 918 950 infandas
949 888 1072 965 caedes,
1104 888 1185 969 quid
1217 888 1304 951 facta

178 1015 314 1095 tyranni
337 1013 467 1078 Effera?
485 1015 518 1077 di
538 1015 641 1096 capiti
660 1014 763 1096 ipsius
774 1013 954 1096 generique
967 1012 1155 1077 reservent!
1170 1010 1304 1075 Mortua

178 1141 261 1222 quin
287 1139 386 1203 etiam
408 1139 571 1221 jungebat
591 1157 727 1219 corpora
747 1138 844 1214 vivis,
857 1135 1067 1220 Componens
1083 1137 1302 1219 manibusque

182 1283 302 1327 manus
332 1270 433 1346 atque
456 1264 571 1328 oribus
595 1283 662 1343 ors,
685 1264 856 1329 Tormenti
876 1283 990 1347 genus,
1004 1269 1036 1327 et
1055 1263 1147 1326 sanie
1161 1263 1303 1344 taboque

177 1388 316 1451 fluentes
337 1387 521 1470 complexu
543 1388 580 1448 in
606 1388 726 1451 misero
751 1386 849 1470 longa
871 1388 917 1451 sic
942 1392 1046 1451 morte
1065 1385 1239 1462 necabat'',
1262 1384 1302 1464 X,

152 1513 260 1575 ‘6892
286 1509 357 1589 „In
382 1512 582 1575 Mezentium
607 1512 776 1577 ardentem
803 1531 919 1577 omnes
945 1512 1054 1590 Tusci,
1080 1512 1140 1593 qni
1163 1513 1304 1575 oderunt

182 1656 271 1714 eum,
296 1633 468 1700 inruunt.''

226 1758 267 1822 In
293 1760 354 1822 hac
377 1761 446 1842 ejus
468 1761 591 1825 indolis
614 1760 830 1843 descriptione
853 1762 1063 1844 agnoscimus
1087 1760 1304 1826 3011130310-

180 1887 249 1962 nis;
273 1885 315 1948 cf.
339 1881 441 1947 Macr.
467 1885 534 1947 Sat.
560 1881 625 1965 III,
651 1885 680 1960 5,
705 1884 762 1946 10:
782 1885 963 1962 „aitenim
980 1883 1087 1968 (Cato)
1102 1885 1303 1950 Mezentium

183 2010 320 2075 Rutulis
337 2099 338 2102 Ἴ
355 2011 533 2093 imperasse
568 2015 605 2073 ut
641 2009 704 2075 sibi
735 2008 911 2087 obferrent,
942 2030 1023 2092 quas
1054 2011 1116 2073 diis
1140 2011 1305 2094 primitias

180 2135 398 2213 obferrebant,
434 2139 467 2198 et
500 2135 637 2198 Latinos
671 2154 786 2198 omnes
816 2136 937 2198 similis
968 2136 1100 2218 imperii
1133 2140 1225 2199 metu
1255 2137 1305 2199 ita

180 2261 327 2325 vovisse:
351 2261 542 2343 „Juppiter,
567 2261 595 2322 si
619 2260 680 2324 tibi
706 2261 812 2342 magis
836 2260 927 2325 cordi
950 2266 1001 2325 est
1019 2280 1078 2323 nos
1098 2280 1137 2324 ea
1150 2262 1213 2325 tibi
1226 2263 1304 2326 dare

178 2386 288 2466 potius
311 2403 411 2466 quam
436 2384 610 2460 Mezentio,
632 2385 682 2447 uti
703 2404 764 2448 nos
783 2385 921 2449 victores
934 2384 1175 2465 facias.''Quae
1188 2388 1302 2451 eadem

179 2512 218 2574 A.
241 2509 434 2573 Postumius
457 2515 491 2572 et
515 2507 542 2571 I.
568 2507 690 2573 Caesar
715 2529 864 2573 narrasse
884 2511 1063 2589 videntur;
1088 2512 1127 2574 of.
1150 2511 1247 2575 Auct.
1272 2512 1303 2574 d.

177 2655 225 2699 or.
250 2641 340 2716 gent.
364 2633 461 2697 Rom.
485 2653 524 2716 cp
561 2634 619 2696 15:
653 2633 799 2715 „Itaque
831 2635 911 2697 vino
944 2655 985 2698 ex
1018 2637 1110 2698 omni
1134 2634 1305 2699 vindemia

175 2759 254 2822 ,lovi
278 2757 411 2841 publice
435 2764 512 2821 voto
537 2765 788 2840 consecratoque
812 2759 925 2821 Latini
949 2765 1142 2842 eruperunt,
1169 2761 1304 2843 fusoque

174 2885 321 2967 presidio
345 2885 580 2966 interfectoque
603 2885 711 2947 Lauso
734 2881 937 2948 Mezentium
956 2884 1068 2967 fugam
1090 2886 1195 2949 lacere
1214 2904 1304 2968 coge·

177 3013 267 3071 runt.
298 3008 331 3071 Is
359 3013 473 3090 postea
495 3028 554 3092 per
578 3009 701 3092 legatos
726 3009 910 3072 amicitiam
936 3011 1193 3092 societatemque
1216 3012 1304 3074 Lati-

178 3152 300 3196 norum
324 3132 548 3215 impetravit.”
574 3133 700 3197 Deinde
720 3152 823 3216 quum
846 3134 978 3197 Plinius
998 3131 1088 3212 XIV,
1103 3135 1144 3196 88
1166 3139 1304 3198 testatur

179 3260 364 3321 Varronem
388 3257 568 3342 scripsisse:
590 3307 609 3336 „
620 3260 825 3323 Mezentium
847 3260 1001 3323 Etruriae
1014 3279 1123 3342 regem
1137 3261 1302 3323 auxilium

180 3383 313 3447 Rutulis
341 3388 456 3446 contra
478 3381 615 3449 Latinos
638 3384 751 3448 tulisse
775 3383 849 3446 vini
874 3385 1033 3463 mercede,
1056 3386 1146 3468 quod
1170 3390 1241 3448 tum
1266 3386 1302 3448 in

180 3508 300 3570 Latino
317 3526 397 3589 agro
410 3505 553 3585 luisset'';
565 3527 669 3590 quum
683 3527 780 3590 porro
794 3508 889 3573 nobis
903 3509 946 3572 ab
959 3509 1157 3592 Augustino,
1169 3510 1205 3571 in
1219 3509 1303 3573 libro

181 3637 293 3695 contra
315 3630 491 3694 Julianum
515 3632 733 3714 Pelagianum
756 3629 812 3707 IV,
837 3633 873 3694 15
898 3630 1212 3697 verbaeCiceronis
1224 3633 1304 3696 Hor·

183 3755 284 3819 tensio
320 3757 426 3820 relata
458 3764 537 3821 sunt
572 3758 669 3821 haec:
706 3776 922 3839 „verumque
954 3759 997 3820 sit
1027 3759 1120 3836 illud,
1145 3760 1233 3840 quod
1256 3764 1304 3822 est

182 3882 268 3962 apud
297 3881 520 3959 Aristotelem,
553 3882 655 3944 simili
685 3901 742 3944 nos
765 3883 906 3946 adfectos
929 3883 1090 3964 supplicio
1115 3887 1215 3964 atque
1238 3902 1302 3962 eos,

182 4006 238 4084 qui
273 4007 441 4086 quondam
476 4027 552 4069 cum
586 4008 622 4069 iri
660 4007 865 4087 praedonum
900 4008 1112 4070 Etruscorum
1145 4008 1303 4070 manibus
