2956 5040
768 413 810 472 ot

223 638 268 687 τος
291 615 462 681 ἐπυνθάνετο
483 616 612 694 τοῦνομα
634 625 688 690 τῆς
711 617 831 693 πόλεως,
859 624 916 683 τῶν
938 619 965 684 δ’
986 623 1045 686 ἀπὸ
1064 626 1115 687 τοῦ
1135 623 1254 704 τείχους
1272 634 1341 688 Θετ-

226 742 323 802 ταλῶν
340 762 414 811 τινος
434 737 500 803 ἀντὶ
521 743 571 803 τοῦ
583 740 790 820 οὶποκρίνοοοθοοο
802 743 1087 824 προσαγορεύσαντος
1098 748 1190 812 αὐτὸν
1203 797 1222 821 ,,
1232 749 1347 828 χοῖρε”,

225 860 376 941 δεξάμενοι
399 864 446 928 τὸν
470 864 561 928 οἰωνὸν
584 865 608 927 οἱ
631 864 769 944 Top’invol
794 871 894 930 τοῦτον
919 869 1049 933 οὶλοῦοοον
1073 869 1126 942 τὴν
1146 871 1231 935 πόλιν
1252 895 1348 949 pero·

226 985 389 1066 vtpacaffl
420 991 575 1053 discimus
609 988 776 1073 Agyllam,
800 1012 906 1075 quum
932 993 1098 1075 Tyrrheni
1122 997 1192 1058 sive
1217 996 1345 1059 Etrusci

226 1131 264 1175 ea
292 1114 389 1195 potiti
410 1118 497 1191 sunt,
523 1133 644 1177 nornen
668 1113 771 1178 Caere
795 1117 965 1199 accepisse.
993 1115 1117 1181 Deinde
1140 1137 1182 1182 ex
1208 1105 1347 1200 Vergilii
1396 1148 1436 1172 „a

227 1237 310 1301 Aen.
336 1238 425 1316 VIII,
450 1240 532 1303 597:
557 1240 645 1316 „Est
668 1241 784 1322 ingens
806 1242 953 1324 gelidum
980 1243 1071 1306 lucus
1090 1262 1191 1325 prope
1211 1243 1449 1308 Caeritis&

225 1363 393 1441 amnem'',
428 1369 518 1447 patet
550 1383 626 1427 aum
662 1366 747 1429 hanc
778 1367 924 1430 nominis
949 1368 1167 1431 mutationem
1192 1375 1266 1450 post
1288 1369 1457 1431 Mem-⁴·

226 1490 370 1553 nentium
407 1489 582 1572 expulsum
618 1493 774 1573 posuisse.
808 1492 843 1554 Si
877 1493 973 1575 hujus
998 1493 1193 1557 mutationis
1216 1512 1348 1557 causam
1380 1500 1461 1550 11

225 1617 427 1698 quaerimus,
466 1613 599 1678 historia
629 1617 699 1697 ipsa
730 1636 922 1699 responsum
955 1619 1022 1681 dat.
1045 1616 1148 1682 Caere
1167 1620 1240 1702 jam
1265 1619 1348 1681 anti·
1384 1637 1464 1659 ‘·

226 1741 394 1823 quissimis
423 1740 628 1822 temporibus
652 1741 777 1804 Romae
800 1742 925 1805 socium
950 1740 1049 1806 luisse
1075 1743 1210 1806 tradunt
1234 1742 1348 1805 Livius
1392 1746 1463 1794 ἒ

227 1865 279 1947 (V,
304 1865 356 1943 40,
383 1864 423 1926 50
449 1865 536 1946 cett.)
561 1864 685 1946 aliique
706 1882 816 1928 rerum
839 1867 1021 1947 scriptores,
1033 1866 1210 1930 referentes
1232 1867 1347 1939 urbem
1409 1870 1461 1918 1

226 1989 367 2071 hospitio
401 1990 532 2072 publico
571 1995 735 2072 receptam
769 2010 836 2054 esse
868 1992 930 2053 390
963 2011 983 2054 a
1014 1991 1103 2072 Cha,
1128 1994 1217 2075 quod
1240 1995 1348 2059 Roma
1420 2002 1458 2040 ὁ

225 2136 245 2179 a
275 2115 381 2180 Gallis
410 2117 544 2181 incensa
573 2120 738 2200 conjuges,
763 2118 884 2182 liberos
908 2119 1076 2201 aliamque
1099 2121 1234 2183 turbam
1261 2120 1346 2184 bello

223 2240 377 2303 inutilem
404 2241 484 2304 urbe
507 2241 729 2319 excedentem,
755 2243 948 2324 praesertim
970 2262 1047 2307 vero
1067 2244 1182 2325 populi
1200 2244 1347 2308 Romani

225 2386 317 2431 sacra
341 2367 589 2448 sacerdotesque
612 2368 820 2450 recepissent.
844 2366 894 2432 Ne
919 2371 1004 2432 hanc
1028 2370 1227 2433 memoriam
1249 2371 1350 2433 viola·

226 2497 285 2569 ret,
316 2511 359 2556 ne
394 2493 533 2556 maculis
564 2492 692 2569 urbem,
728 2512 811 2574 quae
842 2494 877 2555 in
910 2495 1011 2556 tantis
1033 2494 1196 2575 augustiis
1220 2501 1347 2558 tantam

227 2616 491 2680 benevolentiam
535 2617 761 2698 praestitisset,
801 2618 1017 2700 adspergeret,
1051 2620 1282 2702 integramque
1317 2619 1346 2682 ei

226 2739 349 2804 famam
393 2747 547 2818 servaret,
591 2742 666 2805 urbi
707 2740 810 2805 Caere
852 2761 973 2806 nomen
1018 2744 1165 2837 priscum
1211 2742 1349 2826 Agyllae

225 2866 375 2946 ascripsit
404 2865 610 2947 eandemque
640 2867 683 2930 ob
711 2885 846 2929 causam
879 2886 920 2930 ex
943 2886 983 2930 aa
1005 2868 1206 2930 Mezentium
1235 2868 1347 2951 expul-

225 3009 300 3052 sum
334 2990 440 3067 finxit,
472 3009 513 3053 ne
545 2991 624 3073 ipsis
655 2991 801 3055 Etruscis
828 3011 879 3055 res
902 2997 985 3056 esset
1008 3012 1085 3056 oum
1109 2993 1249 3056 deorum
1275 3012 1349 3057 con·

227 3119 398 3195 temptore‚
420 3104 629 3179 acerbissimo
650 3114 782 3180 Aeneae
802 3135 894 3180 sacra
912 3117 948 3178 in
970 3117 1103 3181 Latium
1118 3115 1347 3181 transferentis

227 3239 327 3301 hoste.
354 3239 445 3302 Haec
479 3244 517 3302 ut
548 3245 774 3321 assequeretur
795 3246 902 3323 poeta,
926 3241 1072 3305 indolem
1096 3241 1252 3305 Mezentii
1279 3261 1347 3306 sae·

227 3384 309 3426 vum
338 3363 580 3446 crudelemque,
604 3370 643 3427 ut
665 3385 686 3428 a
709 3365 874 3446 prioribus
896 3367 1058 3449 descripta
1080 3372 1159 3446 erat,
1183 3369 1344 3445 servavit,

227 3490 296 3572 ejus
318 3492 429 3551 tamen
449 3487 538 3552 vitae
557 3489 782 3554 conditionem
804 3509 1021 3571 magnacum
1041 3490 1176 3556 licentia
1188 3493 1346 3558 mutavit.
