2956 5040
600 679 649 754 X.

495 902 756 990 llsaaapua.

112 1355 207 1444 Verg.
244 1359 325 1425 Aen.
357 1358 433 1438 VII,
469 1361 550 1424 691:
583 1361 658 1437 „At
680 1360 855 1443 Messapus,
879 1378 1003 1442 equum
1027 1357 1182 1435 domitor,

71 1484 238 1569 Neptunia
266 1486 383 1569 proles,
415 1484 523 1567 Quem
550 1506 657 1569 neque
680 1486 727 1549 fas
750 1486 819 1569 igni
843 1483 996 1569 cuiquam
1022 1503 1082 1549 nec
1104 1488 1181 1547 ster-

70 1631 145 1677 nere
174 1612 270 1690 ferro,
301 1613 376 1676 Jam
409 1613 536 1695 pridem
570 1613 691 1677 resides
713 1612 849 1695 populos
873 1613 1071 1693 desuetaque
1093 1610 1180 1675 bello

70 1736 212 1821 Agmina
235 1739 271 1801 in
292 1758 387 1801 arma
411 1743 508 1802 vocat
530 1739 650 1816 subito,
674 1739 862 1820 ferrumque
884 1735 1073 1801 retractat.”

112 1863 209 1928 Unde
250 1869 347 1948 polita
384 1865 570 1948 Messapum
612 1865 719 1944 illum,
755 1883 864 1955 regem
900 1864 1180 1929 Fescenninorum

71 1990 287 2074 aliorumque,
315 1989 470 2073 petiverit
495 1990 532 2053 in
557 1989 699 2054 tenebris
716 1990 815 2072 jacet.
836 1987 887 2052 Ne
910 1993 1181 2052 commentatores

71 2117 201 2199 quidem
234 2116 342 2181 lucem
379 2118 526 2181 afferunt
562 2114 696 2180 Servius
724 2134 810 2198 quae
839 2115 1015 2179 invenerat
1044 2116 1180 2197 repetit:

71 2242 161 2320 „Hic
182 2243 348 2327 Messapus
370 2262 429 2327 per
452 2262 543 2307 mara
566 2243 608 2307 ad
633 2239 767 2306 Italiam
790 2243 893 2306 venit.
917 2239 1013 2304 Unde
1033 2239 1181 2323 Neptuni

72 2365 174 2433 dictus
196 2373 245 2433 est
266 2369 364 2448 filius,
388 2388 488 2453 quem
511 2368 795 2433 invulnerabilem
814 2368 887 2432 ideo
908 2366 998 2448 dicit,
1011 2367 1091 2450 qnia
1103 2388 1179 2431 nus·

74 2513 169 2576 quarn
202 2493 302 2579 periit
334 2514 395 2559 nee
428 2496 466 2558 in
500 2494 599 2560 bello.
630 2495 743 2578 Ignem
775 2499 888 2559 antem
919 2495 950 2558 ei
973 2513 1088 2558 nocere
1112 2514 1178 2559 non

70 2637 157 2702 posse
186 2625 319 2704 propter
349 2619 541 2705 Neptunum
564 2621 656 2699 dicit,
679 2621 738 2704 qui
757 2639 919 2704 aquarum
942 2619 1102 2684 deusest.
1127 2620 1179 2684 Ab

72 2742 128 2811 hoc
157 2747 288 2811 Ennius
311 2746 391 2811 dicit
412 2765 446 2811 se
468 2748 629 2830 originem
652 2744 800 2811 ducere.”
823 2746 952 2810 Ennius
975 2750 1086 2809 tanren
1109 2747 1179 2828 ipse

72 2873 246 2937 cecinerat:
269 2871 364 2951 „Nos
386 2872 494 2937 snmu’
516 2872 670 2951 Romani,
695 2871 750 2955 qui
775 2872 899 2935 luimus
918 2877 995 2936 ante
1015 2870 1160 2936 Rudini'’
1170 2898 1179 2952 3

66 2995 177 3082 itaque
207 2999 247 3064 de
277 3000 426 3082 Messapo
458 3000 625 3084 cogitavit,
658 3000 717 3083 qui
748 3018 868 3062 nomen
892 3018 988 3061 suum
1012 2997 1180 3082 Messapiis

68 3119 163 3205 dedit,
191 3126 231 3190 el.
262 3125 369 3190 Strab.
399 3125 459 3204 IX,
493 3125 568 3204 405,
598 3125 685 3189 Plin.
718 3120 804 3188 N.H.
835 3124 895 3202 III,
926 3125 977 3202 99,
1010 3123 1113 3188 Solin.
1135 3124 1178 3203 II,

63 3244 116 3311 12.
142 3248 251 3332 Quum
275 3253 382 3335 pergit
405 3252 557 3315 Servius:
583 3252 700 3330 „unde
725 3250 780 3333 (ab
802 3249 921 3333 Ennio)
941 3270 1031 3314 nunc
1051 3255 1084 3314 et
1104 3270 1179 3314 can·

60 3373 172 3442 lantes
203 3379 332 3443 inducit
362 3379 432 3461 ejus
461 3378 562 3442 socios
594 3384 628 3441 et
659 3396 713 3442 eos
736 3381 905 3460 comparat
928 3375 1069 3457 cycnis’'‚
1095 3377 1178 3439 mihi

55 3514 174 3569 errare
208 3505 348 3568 videtur.
381 3503 423 3566 Hi
456 3505 545 3568 enim
577 3504 656 3567 socii
688 3523 754 3567 non
786 3523 826 3568 ex
856 3503 964 3566 Ennio
995 3502 1049 3565 sed
1079 3502 1177 3565 eFe-

54 3633 230 3696 scenninis
253 3633 331 3715 ipsis
343 3631 539 3710 „canentes”
553 3632 716 3696 nominati
732 3632 815 3694 mihi
829 3631 991 3707 videntur,
1004 3631 1044 3693 de
1057 3629 1178 3713 quibus

55 3747 139 3830 ipse
160 3763 293 3822 annotat
318 3758 398 3820 695:
418 3757 667 3835 „Fescennium
690 3757 846 3840 oppidum
867 3761 923 3835 est,
944 3754 1001 3820 ubi
1014 3756 1178 3838 nuptialia
1237 3831 1241 3839 ι

60 3873 205 3945 inventa
233 3889 310 3946 sunt
332 3878 509 3960 carmina”,
533 3884 573 3946 de
597 3883 718 3965 quibus
743 3882 900 3945 Horatius
923 3882 1094 3963 scripserat
1116 3881 1176 3963 Ep.

66 3994 113 4076 ss>
145 4005 171 4083 l,
193 4009 270 4072 145:
294 4006 527 4085 „Fescennina
545 4026 603 4090 per
627 4009 713 4071 hunc
738 4008 869 4071 invecta
891 4007 1026 4070 licentia
1050 4024 1174 4069 morem

80 4125 200 4206 lmesses
221 4134 412 4218 celebratas)
433 4135 590 4198 Versibus
610 4134 746 4198 alternis
758 4133 915 4216 opprobia
927 4134 1047 4196 rustica
1058 4130 1176 4196 fudit.''

127 4251 174 4318 Sic
191 4259 322 4344 Messapi
346 4280 468 4325 nomen
488 4280 599 4323 rursus
622 4260 741 4323 exalia
754 4261 868 4325 fabula
880 4260 1056 4342 depromsit
1068 4263 1174 4342 poeta.
