2956 5040
818 408 860 468 94

272 635 317 684 τος
340 612 511 677 erectricem
533 611 661 690 τοῦνομοι
684 619 738 685 τῆς
761 612 882 686 πόλεως,
910 618 965 677 τῶν
987 614 1013 678 δ’
1035 615 1094 679 ἀπὸ
1114 619 1164 679 τοῦ
1184 615 1304 695 τείχους
1325 625 1403 679 Θετ-

275 739 372 799 ratde
389 759 464 807 rivos
484 734 550 799 cirri
570 739 620 799 τοῦ
632 735 840 815 &conploratus
853 736 1137 818 προσαγορεύσαντος
1147 740 1239 804 adria
1251 789 1272 812 ‚‚
1282 740 1402 818 χοοῖρε”,

275 857 426 937 δεξάμενοι
448 860 496 924 cdv
520 860 610 924 οἰωνὸν
634 860 658 922 οἱ
680 858 820 940 Tuliassi
844 866 944 925 τοῦτον
968 862 1099 926 aloem
1122 862 1175 934 τὴν
1195 861 1280 927 πόλιν
1301 887 1398 940 μετω-

275 982 438 1062 separer,
469 986 625 1049 discimus
659 983 826 1068 Agyllam,
851 1006 955 1069 quum
982 986 1148 1068 Tyrrheni
1171 989 1241 1050 sive
1266 987 1397 1050 Etrusci

276 1128 314 1172 ea
342 1110 439 1191 potiti
461 1113 547 1187 sunt,
572 1128 693 1172 nomen
718 1108 821 1174 Caere
845 1110 1015 1192 accepisse.
1042 1108 1166 1173 Deinde
1189 1129 1231 1174 ex
1257 1097 1398 1192 Vergilii

277 1232 360 1297 Aen.
385 1233 475 1311 VIII,
500 1236 582 1299 597:
607 1235 695 1311 „Est
718 1236 834 1318 ingens
856 1235 1002 1318 gelidum
1029 1236 1121 1299 lucus
1140 1253 1240 1317 prope
1261 1234 1399 1300 Caeritis

276 1358 444 1438 amnem'',
478 1365 568 1443 patet
600 1378 677 1423 eum
713 1360 797 1423 banc
828 1361 974 1423 nominis
998 1361 1217 1424 mutationem
1241 1368 1315 1442 post
1338 1361 1399 1422 Me-

276 1487 421 1549 zentium
458 1485 632 1568 expulsum
668 1487 825 1568 posuisse.
858 1486 893 1548 Si
927 1484 1023 1567 hujus
1049 1486 1242 1549 mutationis
1265 1504 1397 1548 causam

276 1613 478 1694 quaerimus,
516 1609 649 1673 historia
679 1612 749 1693 ipsa
780 1629 972 1693 responsum
1006 1612 1072 1675 dat.
1096 1609 1198 1675 Caere
1217 1612 1290 1693 jam
1315 1609 1398 1672 anti·

239 1813 241 1818 .
276 1736 446 1818 quissimis
473 1735 678 1816 temporibus
702 1735 827 1798 Romae
850 1736 975 1799 socium
1000 1733 1099 1798 ltrisse
1124 1735 1261 1798 tradunt
1284 1734 1397 1796 Livius

278 1859 330 1941 (V,
354 1860 407 1938 40,
433 1859 474 1920 50
500 1859 587 1940 cett.)
611 1859 735 1941 aliique
757 1877 867 1921 rerum
890 1860 1072 1941 scriptores,
1084 1859 1261 1922 relerentes
1282 1859 1397 1931 urbem

277 1984 418 2065 hospitio
451 1984 583 2065 publico
622 1989 785 2067 receptam
819 2003 887 2048 esse
919 1985 981 2046 390
1014 2005 1034 2047 a
1065 1984 1153 2064 (ibn,
1179 1986 1267 2069 quod
1291 1986 1398 2050 Roma

276 2130 297 2172 a
326 2110 432 2174 Gallis
461 2112 595 2175 incensa
624 2114 788 2194 conjuges,
814 2111 935 2175 liberos
959 2113 1284 2194 aliamqueturbam
1310 2111 1396 2176 bello

275 2234 429 2297 inutilem
455 2235 535 2299 urbe
558 2235 779 2312 excedentem,
805 2236 999 2317 praesertim
1022 2254 1098 2299 vero
1118 2236 1232 2318 populi
1250 2235 1397 2300 Romani

277 2379 369 2423 sacra
392 2361 640 2443 sacerdotesque
663 2362 871 2444 recepissent.
895 2359 945 2425 Ne
970 2364 1054 2425 hane
1080 2363 1278 2425 memoriam
1298 2361 1400 2426 viola-

277 2490 336 2564 ret,
367 2505 409 2550 ne
445 2485 583 2550 maculis
616 2486 744 2563 urbem,
779 2505 862 2568 quae
894 2487 929 2548 in
961 2488 1062 2550 tantis
1085 2486 1247 2568 augustiis
1272 2491 1399 2549 tantam

278 2611 543 2675 benevolentiam
586 2611 812 2692 praestitisset,
852 2611 1069 2694 adspergeret,
1102 2612 1333 2694 integramque
1368 2611 1398 2674 ei

277 2734 400 2798 lamam
444 2741 598 2813 servaret,
642 2736 718 2799 urbi
759 2733 862 2799 Caere
903 2754 1025 2799 nomen
1069 2737 1216 2829 priscum
1263 2734 1401 2818 Agyllae

277 2859 426 2942 ascripsit
456 2859 662 2941 eandemque
692 2860 733 2923 ob
763 2878 898 2922 oausam
930 2878 971 2923 ex
994 2879 1034 2924 ea
1056 2860 1257 2923 Mezentium
1286 2860 1400 2942 expul-

277 3003 351 3046 sum
385 2984 492 3061 finxit,
523 3003 565 3048 ne
597 2984 676 3067 ipsis
706 2984 852 3048 Etruscis
880 3003 931 3048 res
954 2989 1036 3049 esset
1059 3004 1136 3049 cum
1161 2985 1300 3048 deorum
1326 3004 1402 3048 con·

279 3113 449 3190 temptore,
472 3097 681 3172 acerbissimo
702 3108 833 3173 Aeneae
854 3128 945 3173 sacra
964 3110 1000 3172 in
1021 3111 1156 3173 Latium
1170 3107 1399 3173 transferentis

279 3232 379 3296 hoste.
406 3231 498 3296 Haec
532 3237 569 3296 nt
600 3238 826 3314 assequeretur
847 3238 954 3315 poeta,
977 3234 1124 3297 indolem
1147 3234 1304 3298 Mezentii
1330 3252 1399 3298 sae·

279 3377 361 3421 vum
390 3357 632 3440 crudelemque,
657 3363 737 3422 uta
760 3359 926 3440 prioribus
948 3359 1110 3442 descripta
1131 3365 1211 3439 erat,
1236 3361 1395 3435 servavit,

279 3483 348 3566 ejus
371 3486 482 3545 tamen
501 3480 590 3546 vitae
608 3481 834 3547 conditionem
856 3501 1072 3564 magnacum
1094 3483 1228 3548 licentia
1241 3483 1395 3548 mutavit.
