2956 5040
711 276 772 339 103

181 505 238 550 seu
261 484 344 569 App.
368 483 547 550 Claudium
560 447 739 565 mavultis,
761 485 814 549 illi
836 484 965 568 antiqui
986 485 1118 569 patricii
1137 486 1172 548 in
1192 505 1291 549 suum

181 631 358 677 numerum
392 613 620 697 acceperuut.''
652 613 785 677 Tacitus
817 612 876 676 ubi
906 617 1019 675 narrat
1049 610 1138 674 Ann.
1171 611 1229 690 IV,
1255 614 1292 674 9:

181 739 389 819 „Memoriae
419 741 517 803 Drusi
549 739 662 804 eadem
686 758 770 823 quaa
792 740 828 802 in
851 737 1087 803 Germanicum
1111 739 1292 802 decernun-

182 871 244 944 tur,
277 866 437 949 plerisque
470 866 600 944 additis,
633 870 670 930 ut
700 867 803 930 ferme
833 870 924 929 arnat
949 865 1110 949 posterior
1133 864 1292 928 adulatio.

180 992 293 1055 Funus
322 991 508 1076 imaginum
540 1011 661 1075 pompa
684 993 831 1056 maxime
853 991 982 1055 illustre
1004 992 1077 1070 fuit,
1101 1011 1177 1055 cum
1201 991 1292 1074 origo

180 1117 298 1181 Italiae
328 1119 434 1201 gentis
465 1118 593 1183 Aeneas
622 1137 800 1202 omnesque
823 1118 1029 1183 Albanorum
1053 1136 1143 1200 reges
1165 1124 1199 1180 et
1221 1137 1293 1182 con·

180 1243 264 1308 ditor
286 1246 377 1309 urbis
404 1243 578 1322 Romulus,
602 1249 673 1328 post
697 1246 821 1310 Sabina
843 1245 1008 1323 nobilitas,
1032 1244 1130 1308 Attus
1152 1242 1293 1309 Clausus

180 1374 369 1452 ceteraeque
403 1369 614 1436 Claudiorum
647 1372 765 1454 effigies
789 1371 884 1453 longo
910 1370 1023 1435 ordine
1047 1366 1292 1452 spectarentuff’

179 1501 211 1560 et
244 1496 333 1560 Anu.
364 1496 424 1576 XI,
459 1499 517 1560 tt:
549 1498 715 1582 „Majcres
746 1499 823 1576 mei,
848 1497 906 1579 (sic
928 1494 1087 1560 Claudius
1109 1496 1293 1579 Imperator

178 1622 336 1707 loquitur)
371 1643 514 1706 quorum
549 1624 796 1706 antiquissimus
825 1620 976 1702 Clausus,
1003 1621 1127 1706 origine
1158 1622 1291 1701 Sabina,

178 1745 276 1831 sqq.’',
296 1768 355 1812 nos
375 1751 527 1814 certiores
539 1750 618 1815 lacit
629 1750 746 1813 Attum
761 1748 919 1813 Clausum
933 1751 1019 1814 inter
1031 1747 1209 1814 Caesarum
1223 1768 1292 1812 ma·

176 1876 260 1957 j0res
283 1894 351 1940 esse
370 1877 544 1941 adscitum.
566 1874 662 1957 Quod
681 1878 895 1941 confirmatur
912 1895 933 1939 a
949 1876 1117 1954 Suetonio,
1130 1875 1291 1939 scribente

178 2001 214 2062 in
249 2001 348 2065 Vitae
377 2001 502 2066 Tiberii
532 2022 603 2086 cap.
626 2002 659 2066 I:
683 2003 857 2079 „Patricia
879 2021 959 2085 gens
982 1999 1123 2064 Claudia
1146 2007 1218 2064 orta
1242 2005 1291 2063 est

178 2146 218 2191 ex
248 2127 397 2211 Regillis,
427 2128 544 2210 oppido
575 2128 784 2193 Sabinorum.
814 2127 895 2192 Inde
917 2126 1060 2190 Romam
1085 2144 1196 2191 recens
1219 2145 1291 2189 con-

180 2254 283 2317 ditam
315 2273 392 2317 cum
422 2274 543 2337 magna
570 2254 742 2318 oIIeutium
766 2273 869 2317 mauu
893 2252 1133 2335 commigravit,
1156 2257 1290 2317 auctore

179 2380 252 2443 Tito
276 2380 372 2443 Tatio
395 2386 543 2445 consorte
565 2380 712 2460 Romuli,
736 2380 799 2459 vel,
824 2380 913 2462 quod
931 2379 1036 2462 magis
1054 2382 1191 2458 constat,
1212 2378 1289 2441 Atta

179 2503 316 2570 Claudio
338 2508 443 2590 gentis
465 2508 622 2590 principe,
645 2512 718 2590 post
737 2525 828 2590 reges
847 2512 978 2570 exactos
997 2511 1088 2568 sexto
1101 2501 1289 2568 fcreanuo''

178 2637 209 2696 et
229 2652 249 2694 a
270 2632 449 2696 Plutarcho
472 2633 541 2696 Vit.
562 2634 653 2696 Parr.
676 2632 763 2710 VIII,
778 2633 829 2711 21,
845 2634 881 2694 2:
902 2624 965 2708 „riv
985 2625 1031 2694 οὖν
1043 2626 1175 2702 ’Ἄππιος
1187 2634 1288 2693 Κλαῦ-

177 2779 225 2829 σος
247 2756 277 2819 ἐν
298 2755 434 2834 Σαβίνοις
457 2755 525 2838 ανὴρ
549 2755 688 2838 χρήμασί
708 2781 741 2820 τε
761 2756 881 2828 δυνατός
900 2754 953 2820 καί
972 2756 1110 2834 σώματος
1128 2754 1207 2838 ρ’όμρ
1220 2756 1288 2836 πρὸς

176 2881 268 2956 οίλκόρν
309 2884 455 2965 ἐπιφανής
456 2931 553 2958 .....
587 2883 842 2962 πεντακισχιλίους
877 2881 966 2956 οίκους
999 2882 1173 2958 ἀναστήσας
1209 2884 1289 2962 μετόν

175 3009 289 3074 παίδων
320 3006 369 3074 καί
399 3012 542 3088 γυναικῶν
556 3057 562 3072 .
576 3059 583 3072 .
599 3058 628 3072 ..
662 3011 701 3082 είς
725 3009 838 3087 Ῥώμαν
862 3004 927 3088 ἦρε·
950 3008 1222 3083 Ποπλικόλας....
1247 3011 1287 3090 τῷ

176 3134 205 3198 δὲ
238 3133 363 3215 Κλαύσῳ
394 3136 503 3216 πλὲόρα
536 3133 622 3199 πέντε
650 3134 703 3199 καί
733 3134 818 3200 είκοσι
847 3142 904 3213 γῆς
935 3133 1046 3210 ἔδακεν,
1082 3137 1170 3200 αὐτόν
1194 3135 1225 3200 δὲ
1247 3144 1284 3216 τῇ
1377 3207 1381 3219 ⁸

175 3260 266 3342 βουλῇ
288 3260 497 3343 προσέγραψεν,
521 3261 617 3342 ἀρχὴν
638 3262 786 3334 πολιτείας
809 3260 1009 3340 λαμβοίνοντα
1031 3261 1151 3336 ταύτην,
1172 3258 1191 3343 ᾖ
1208 3263 1286 3343 χρό-

176 3410 258 3465 αενος
291 3386 441 3469 ἐμφρόνως
474 3387 635 3468 όνόδραριεν
668 3388 708 3459 είς
738 3389 770 3453 τό
800 3392 908 3470 πρῶτον
938 3385 1058 3466 όξίονμα
1088 3386 1140 3452 καί
1163 3387 1286 3466 δύναμιν

175 3511 247 3594 ἔσχε
268 3514 416 3595 μενοίλνρν,
439 3514 490 3578 καί
514 3513 596 3593 γένος
618 3515 727 3588 οὐδενός
750 3513 941 3596 ἀμαυρότερον
964 3516 993 3579 ἐν
1015 3515 1112 3596 ‘Palpo
1133 3515 1165 3579 τό
1187 3524 1286 3579 Κλαυ-

176 3638 238 3703 δίαν
260 3640 317 3721 αφ’
341 3640 429 3704 αὑτοῦ
452 3639 639 3704 κατέλιπεν.”

218 3764 431 3849 Quamquam
456 3785 640 3830 asseverare
664 3786 731 3829 uon
755 3767 860 3830 audeo
886 3763 1067 3848 Vergilium
1088 3786 1129 3831 us
1151 3768 1288 3850 hicqui-

176 3891 247 3956 dem
290 3894 511 3975 antiquiorem
547 3894 694 3958 fabulam
728 3899 805 3957 ante
840 3894 951 3959 oculos
986 3895 1146 3973 habuisse,
1183 3896 1286 3957 miror

177 4025 285 4080 tamen
321 4038 434 4081 omues
468 4020 640 4101 scriptores
675 4020 741 4084 fere
775 4021 902 4084 diversa
933 4021 1071 4084 nomina
1104 4021 1283 4098 tradidisse,

176 4163 277 4225 quum
306 4150 403 4228 polita
432 4146 520 4210 solus
550 4147 637 4209 hunc
670 4143 828 4210 Clausum
860 4167 878 4212 e
908 4145 1061 4224 Curibus,
1086 4147 1145 4209 alii
1168 4163 1284 4209 omues

177 4287 193 4330 e
228 4269 356 4352 Regillo
392 4276 506 4335 ortum
538 4271 658 4348 dicant,
693 4292 776 4354 qnae
811 4274 987 4337 varietates
1022 4273 1166 4354 profecto
1202 4273 1285 4336 mihi
