2956 5040
783 356 827 425 *d

248 573 339 635 viam
380 573 495 654 aperit,
529 591 597 655 qua
634 589 757 649 „arma
798 573 969 654 itumque
1005 566 1148 634 canens''
1182 568 1372 650 priscorum

247 696 373 759 Romae
395 696 580 759 incolarum
606 715 712 760 mores
735 695 907 777 cultusque
932 695 1068 758 deorum
1092 693 1220 756 civium
1246 690 1376 753 animis

248 822 470 885 commendet.

293 945 353 1007 His
388 963 504 1026 pauca,
539 965 623 1027 quae
652 946 693 1008 de
723 943 901 1008 Carmenta
932 941 1271 1022 Carmentatibusque
1304 957 1377 1001 me·

250 1068 376 1132 moriae
399 1067 520 1130 tradita
543 1073 619 1131 sunt
642 1067 790 1132 addenda
813 1067 977 1131 videntur.

294 1189 390 1274 Apud
424 1191 607 1255 Varronem
639 1192 675 1254 L.
707 1192 744 1254 L.
775 1189 832 1267 VI,
864 1191 903 1252 12
928 1189 1085 1272 legimus:
1111 1184 1378 1266 „Carmentalia

250 1316 469 1379 nominantur
500 1317 587 1398 quod
618 1334 711 1379 sacra
743 1321 815 1378 tum
849 1318 883 1377 et
905 1314 1006 1378 feriae
1030 1310 1251 1377 carmentis&
1278 1311 1380 1394 Apud

250 1440 384 1503 Festum
398 1458 450 1522 pg.
464 1439 538 1516 334,
552 1440 573 1501 i.
588 1459 620 1502 v.
634 1439 819 1501 Scelerata:
832 1436 1248 1519 „Scelerataportaeodem
1263 1435 1378 1517 appel-

253 1562 343 1625 latur
372 1582 393 1624 a
422 1562 634 1646 quibusdam,
658 1580 743 1643 quae
773 1565 807 1624 et
830 1560 1051 1625 Carmentalis
1074 1560 1203 1637 dicitur,
1228 1557 1318 1640 quod
1344 1559 1378 1622 ei

252 1667 442 1769 proximum
467 1684 666 1749 Carmentae
690 1683 851 1749 sacellum
870 1685 944 1748 fuit.
965 1684 1129 1748 Scelerata
1149 1656 1272 1759 autem,
1285 1681 1379 1764 quod

252 1829 311 1891 per
345 1793 419 1875 eam
455 1830 511 1874 sex
546 1815 579 1873 et
613 1811 750 1874 trecenti
785 1809 870 1871 Favi
905 1828 980 1873 cum
1017 1808 1190 1872 clientium
1224 1806 1380 1869 millibus

253 1934 402 2016 quinqua
432 1935 551 2017 egressi
582 1935 738 1997 adversus
767 1934 931 2009 Etruscos,
955 1933 1000 1996 ad
1023 1951 1156 1995 amnem
1182 1929 1379 1994 Cremeram

254 2077 367 2121 omnes
389 2062 466 2121 sunt
488 2057 665 2121 interfecti.
690 2055 765 2137 Qua
787 2076 828 2120 ex
850 2075 948 2120 causa
968 2057 1093 2119 factum
1117 2060 1380 2138 estuteaporta

254 2180 390 2258 intrare,
402 2181 554 2262 egredive
575 2179 658 2242 mali
672 2179 793 2242 ominis
806 2177 1000 2242 habeatur.”
1015 2175 1128 2243 Cicero
1140 2198 1201 2243 nos
1212 2179 1247 2241 in
1259 2174 1379 2256 Bruto,

255 2304 273 2386 t
308 2305 360 2381 56,
395 2305 548 2367 certiores
582 2305 679 2367 facit:
712 2304 819 2381 „lieet
849 2303 977 2384 aliquid
1000 2301 1101 2367 etiam
1125 2304 1164 2366 de
1188 2303 1232 2366 M.
1255 2300 1384 2385 Popilii

255 2428 390 2509 ingenio
430 2429 599 2510 suspicari,
636 2431 694 2510 qui
729 2448 805 2492 cum
841 2429 957 2492 consul
993 2428 1034 2510 (a.
1069 2425 1144 2493 Chr.
1182 2427 1257 2511 359)
1295 2433 1385 2492 esset

256 2552 435 2633 eodemque
459 2557 606 2634 tempore
626 2551 825 2616 sacrificium
846 2552 1019 2634 publicum
1040 2571 1116 2615 cum
1138 2551 1384 2632 laenafaceret‚

256 2678 343 2758 quod
374 2682 443 2740 erat
466 2676 586 2739 flamen
611 2674 843 2753 Carmentalis,
868 2677 975 2759 plebei
1000 2681 1115 2741 contra
1139 2677 1385 2759 putresconci·

258 2801 384 2864 tatione
418 2805 450 2864 et
482 2800 642 2863 seditione
673 2801 838 2875 nuntiata,
868 2804 907 2863 ut
937 2806 1009 2863 erat
1032 2801 1128 2864 laena
1152 2798 1304 2877 amictus,
1331 2801 1385 2864 ita

257 2926 349 2989 venit
377 2925 414 2986 in
444 2925 647 3003 concionem,
680 2925 942 3006 seditionemque
973 2944 1050 2988 cum
1083 2925 1279 2988 auctoritate
1305 2928 1381 2987 tum

258 3049 408 3111 oratione
437 3046 596 3111 sedavit.''
627 3045 668 3110 In
700 3045 809 3111 Verrii
832 3049 942 3113 Flacci
968 3050 1055 3112 Fast.
1080 3051 1247 3113 Praenest.
1272 3067 1384 3114 anno·

259 3176 365 3235 tatum
396 3171 602 3234 invenimus:
635 3191 693 3248 ,‚a.
719 3173 750 3235 d.
774 3172 823 3234 III
853 3170 933 3236 Idus
966 3173 1158 3237 Januarias:
1195 3171 1307 3237 futura
1339 3176 1385 3240 ob

259 3313 359 3377 quam
402 3314 528 3359 ca....
570 3295 681 3359 omine
717 3293 1013 3373 morticino....''‚
1048 3302 1081 3362 et
1116 3317 1176 3375 „a.
1211 3299 1242 3363 d.
1275 3298 1384 3362 XVII

260 3414 426 3481 Kalendas
454 3417 667 3481 Februarias:
699 3418 815 3483 Feriae
842 3417 1035 3502 Ca(rme)nti
1059 3421 1261 3484 obeundam
1285 3441 1380 3486 caus-

260 3563 327 3605 sam
343 3587 350 3604 .
364 3590 371 3606 .
386 3588 417 3604 ..
439 3539 493 3604 III
515 3542 591 3605 Idus
612 3537 770 3607 Hercules
798 3544 918 3607 dicitur
937 3545 1124 3608 instituis..
1140 3593 1147 3610 .
1162 3593 1169 3610 .
1187 3545 1215 3609 si
1235 3546 1381 3610 Fidenas

259 3685 296 3730 eo
338 3666 390 3729 die
429 3665 598 3749 cepisset.”
632 3667 778 3731 Fidenae
810 3672 922 3732 autem
958 3668 1009 3731 bis
1044 3674 1250 3751 expugnatae
1285 3675 1378 3750 sunt,

259 3789 406 3870 primum
435 3809 456 3853 a
487 3790 626 3854 Servilio
658 3791 815 3854 dictatore
839 3793 879 3870 (a.
904 3790 981 3855 Chr.
1007 3793 1094 3876 435),
1119 3793 1236 3856 deinde
1264 3812 1285 3857 a
1309 3795 1382 3880 Ma·

262 3932 370 3977 mereo
393 3913 538 3992 Aemilio
561 3915 718 3979 dictatore
741 3920 782 3997 (a.
806 3914 884 3979 Chr.
909 3918 996 3997 dac).

305 4039 347 4101 Et
369 4039 554 4103 Macrobius
575 4039 761 4104 describens
779 4042 937 4106 feriarum
960 4048 1103 4125 quatuor
1124 4063 1255 4126 genera,
1279 4048 1381 4111 tradit

264 4161 331 4224 Sat.
365 4161 392 4239 Ι,
430 4162 479 4240 16,
516 4164 550 4225 6:
587 4165 659 4240 „Et
689 4168 765 4227 sunt
796 4166 936 4229 stativae
970 4167 1117 4230 universi
1147 4167 1262 4250 populi
1294 4188 1381 4233 com-

265 4302 381 4348 munes
403 4285 499 4348 certis
521 4288 555 4348 et
577 4287 764 4351 constitutis
786 4288 900 4353 diebus
923 4308 961 4352 ac
987 4289 1155 4353 mensibus
1179 4294 1212 4355 et
1232 4291 1268 4354 in
1288 4292 1381 4356 fastis
