2956 5040
636 384 675 447 17

102 593 134 656 δέ
164 592 261 664 σύσας
292 593 348 670 μέν
377 592 443 664 τοὺς
468 590 617 672 πατρῴους
640 591 692 657 καὶ
716 590 864 674 μητρῴους
887 592 974 665 θεοὺς,
997 592 1095 663 σύσας
1120 592 1151 656 δέ
1173 591 1223 656 καί

100 718 192 782 αύτδν
214 717 263 782 τὸν
286 715 401 797 πατέρα
424 713 511 790 δόξαν
533 716 685 794 εὐσεβείας
708 714 886 795 ἐξηνέγκατο
906 714 1040 781 ύστεκαί
1053 718 1077 781 οί
1088 716 1221 794 πολέμιοι

101 842 180 923 μένῳ
202 841 297 922 ἐκείνῳ
321 837 357 904 ὧν
379 839 543 915 ε’κροίτησαν
567 843 595 906 έν
620 840 710 924 Τροίρι
734 839 836 905 έδοσαν
860 839 903 918 μη
928 839 1116 914 συληύῆναι.”

147 969 326 1049 Dionysius
362 972 500 1031 testatur
533 968 741 1031 Aristotelem
776 967 940 1050 scripsisse
963 967 988 1044 I,
1017 968 1074 1030 lt:
1099 986 1223 1049 „quos-

102 1093 179 1155 dam
212 1093 363 1169 Graecos,
395 1112 435 1156 ex
465 1090 564 1174 Troja
589 1095 800 1169 revertentes,
826 1089 905 1154 dum
930 1091 1054 1154 oiroum
1080 1091 1222 1153 Maleam

102 1218 309 1300 navigarent,
329 1215 473 1281 violenta
492 1220 686 1298 tempestate
703 1219 879 1296 correptos,
893 1214 1102 1296 aliquamdiu
1117 1216 1225 1277 ventis

103 1342 243 1423 agitatos
276 1358 333 1423 per
367 1340 477 1402 varias
509 1340 609 1402 maris
640 1345 748 1424 partes
772 1358 904 1415 errasse,
928 1339 1062 1401 tandem
1087 1357 1164 1402 vero
1189 1339 1224 1401 in

103 1485 179 1529 eum
205 1466 349 1548 regionis
373 1463 495 1548 Opieae
516 1465 626 1529 looum
648 1465 846 1547 pervenisse,
860 1464 918 1547 qui
940 1463 1073 1526 Latium
1088 1469 1226 1528 vocatur

103 1596 138 1654 et
158 1591 244 1653 mari
264 1590 436 1673 Tyrrheno
457 1587 615 1672 adjacet.'’
633 1590 676 1653 Et
687 1591 787 1666 idem,
800 1591 853 1653 ib:
871 1638 889 1680 ,ρ
901 1587 1057 1666 Galliam,
1070 1591 1128 1673 qui
1145 1589 1226 1671 Aga·

103 1714 223 1778 thoolis
253 1735 305 1778 res
334 1719 440 1797 gestas
463 1715 665 1797 conseripsit,
692 1733 851 1791 narrasse,
876 1713 1019 1776 Romam
1043 1714 1224 1795 quandam,

104 1858 208 1900 unam
239 1858 257 1902 e
291 1838 509 1922 Trojanarum
543 1857 693 1915 numero,
719 1858 804 1920 quae
834 1858 911 1901 oum
935 1839 1052 1902 ceteris
1074 1837 1224 1920 Trojauis

103 1963 141 2023 in
175 1960 308 2025 ltaliam
343 1968 515 2040 venerunt,
541 1963 668 2038 Latino,
693 1962 911 2045 Aboriginum
939 1963 1018 2044 regi,
1044 1960 1224 2058 nupsisses'

151 2086 200 2148 De
233 2087 347 2150 eodem
383 2087 512 2169 scripsit
546 2087 678 2149 Festus:
709 2106 761 2169 pg.
795 2083 1226 2167 269:„0a1tinustAga-

103 2211 223 2274 thoolis
246 2211 350 2274 Siculi
373 2212 431 2294 qui
454 2231 505 2274 res
528 2217 635 2293 gestas
658 2212 861 2293 conseripsit,
883 2212 1063 2277 arbitratur
1083 2230 1101 2273 e
1124 2230 1226 2273 manu

104 2333 326 2415 Trojanorum
360 2337 545 2418 lugentium
568 2336 590 2378 a
608 2336 673 2402 Ilio
703 2343 797 2420 oapto
825 2339 956 2401 cuidam
981 2339 1078 2401 luisse
1102 2357 1224 2402 nomen

103 2457 224 2521 Latino
247 2478 389 2541 eumque
416 2461 567 2524 habuisse
589 2464 762 2544 conjugem
788 2459 986 2524 Rhomam.''

150 2581 198 2644 De
225 2582 363 2646 Timaeo
386 2583 528 2666 legimus
551 2584 639 2667 apud
663 2584 761 2647 Dion.
787 2581 814 2663 I,
840 2584 879 2646 67
905 2580 1096 2661 ,,σχιίματος
1119 2581 1151 2644 δὲ
1172 2579 1225 2645 καί

102 2697 221 2784 μορφης
254 2706 352 2769 αὐτῶν
386 2706 561 2792 (Πενατῶν)
597 2705 659 2788 πέρι
690 2706 819 2783 Τίμαιος
843 2704 898 2784 μέν
920 2707 934 2769 ί
956 2705 1148 2787 συγγραφεὺς
1173 2700 1227 2768 ὦδε

102 2827 320 2909 αποφαίνεταιι
355 2828 476 2911 κηρύκια
507 2830 609 2910 σιδηροῖ
643 2829 695 2895 καί
727 2836 837 2910 χαλκοῖ
867 2829 916 2896 καί
949 2830 1073 2910 κέραμον
1097 2830 1222 2911 Τρωϊκὸν

102 2947 186 3027 εἶναι,
209 2954 250 3018 rol
278 2956 308 3018 έν
330 2962 391 3028 τοῖς
413 2954 531 3029 οὶδύτοις
554 2963 612 3026 τοῖς
634 2957 664 3019 ἐν
687 2955 827 3036 Λαουινίιρ
850 2955 970 3033 κείμενα
995 2955 1065 3029 ἱεροί·
1089 2953 1227 3019 πυύέσύαι

103 3079 132 3142 δ’
163 3079 251 3151 αὐτὸς
273 3082 372 3144 ταῦτα
396 3080 477 3162 παροδ
500 3084 556 3144 τῶν
579 3080 756 3161 ε’πιχοιρίοιν”
781 3087 813 3146 et
836 3084 922 3164 apud
944 3082 1061 3163 Polyb.
1086 3079 1161 3159 XII,
1187 3082 1226 3146 fr.

104 3205 173 3269 sb:
210 3204 287 3284 „sal
318 3206 429 3283 μηνέν
452 3213 514 3279 τοῖς
537 3203 675 3287 περὶτοῦ
698 3204 917 3287 Πύῤῥουποίλιν
940 3204 1018 3288 Φησὶ
1048 3204 1222 3290 (Τίμαιος)

104 3327 173 3401 τοὺς
196 3328 348 3406 Ῥαμαίους
370 3327 411 3393 ἔτι
435 3335 484 3394 νῦν
507 3328 671 3408 ύπύμνημα
694 3330 880 3408 ποιουμένους
904 3337 957 3404 τῆς
979 3329 1061 3395 κατὰ
1085 3332 1116 3394 τὸ
1138 3327 1226 3394 Ἴλιον

104 3452 264 3527 οὶπωλείας,
288 3455 318 3518 ἓν
348 3453 441 3538 ημέρρι
464 3453 520 3519 τινί
544 3454 762 3536 κατακοντίζειν
784 3453 871 3519 ίππον
894 3455 1076 3533 πολεμιστὴν
1099 3456 1151 3536 πρὸ
1174 3462 1227 3529 τῆς

105 3575 218 3650 πόλεως
247 3579 277 3642 έν
298 3578 338 3658 τῷ
362 3577 481 3658 Κοίμπῳ
504 3578 686 3660 καλουμένῳ,
710 3578 759 3643 διδ
781 3580 813 3644 τὸ
837 3585 890 3652 τῆς
913 3579 1020 3659 Τροίας
1043 3581 1096 3653 την
1119 3577 1227 3645 ίίλοισιν

106 3699 155 3764 διοδ
176 3701 226 3766 τὸν
249 3699 337 3767 ίππον
359 3702 493 3780 γενέσθαι
516 3703 564 3768 τὸν
587 3702 689 3785 δούριον
712 3702 1006 3783 προσαγορεύμενον.”

151 3829 193 3892 Et
216 3824 328 3894 Conon
352 3826 489 3912 Vergilii
510 3831 659 3912 aequalis
678 3830 778 3893 tradit
796 3831 830 3892 in
851 3808 982 3893 Narrat.
996 3832 1055 3892 to:
1072 3829 1223 3905 ,,Αίνείας,

106 3947 120 4014 ὃ
153 3949 304 4029 Ἀγχίσου
338 3949 390 4016 καὶ
424 3950 614 4032 Ἀφροδίτης,
649 3952 803 4032 διαφυγὼν
835 3951 902 4024 τοὺς
936 3952 1083 4031 Ἀχαιοὺς
1113 3954 1146 4017 τὸ
1170 3954 1225 4029 μὲν

105 4079 215 4156 πρῶτον
246 4076 310 4156 ᾤκει
332 4076 385 4150 την
407 4073 530 4150 Ἴδην..
547 4125 574 4141 ..
599 4077 762 4155 ἀναλαβὼν
786 4077 940 4156 Ἀγχίσην
965 4077 1013 4142 τδν
1037 4076 1151 4158 πατέρα
1174 4075 1226 4141 καί

106 4195 187 4271 ίσους
221 4198 336 4265 δύναιτο
369 4204 425 4265 τῶν
458 4200 675 4282 συμφυγοίδιον,
708 4202 776 4281 πρὸς
807 4197 885 4274 ἶίλιου
916 4200 1080 4280 ύυίσχοντα
1109 4200 1225 4285 (κατα-

106 4321 217 4410 δύντα)
251 4325 346 4406 ᾥχετο
373 4325 454 4391 κατὰ
476 4326 653 4408 Ἀφροδίτης
676 4326 842 4407 ἐπίσκηψιν.
869 4326 990 4405 Διαβδς
1014 4320 1060 4392 ούν
1084 4327 1132 4391 τὸν
1155 4327 1228 4390 Ἑλ-

1112 4451 1130 4500 2
