2956 5040
727 365 787 427 103

196 594 252 639 seu
276 573 359 658 App.
383 572 561 639 Claudium
574 535 754 653 mavultis,
776 574 828 638 illi
851 573 979 656 antiqui
1002 574 1132 657 patricii
1151 575 1186 636 in
1207 593 1303 638 suum

197 720 374 766 nnmerum
407 701 635 785 acceperunt.”
667 701 799 765 Tacitus
832 701 890 765 ubi
920 704 1034 764 narrat
1065 699 1153 763 Ann.
1185 699 1244 779 1v,
1270 702 1307 762 9:

196 829 403 907 „Memoriae
433 828 531 892 Drusi
563 828 677 892 eadem
700 846 785 911 quae
807 828 842 890 in
866 825 1102 891 Germanicum
1126 828 1307 890 decernun-

198 961 259 1034 tur,
291 954 452 1038 plerisque
485 955 614 1033 additis,
648 959 685 1018 ut
714 955 817 1019 ferme
848 959 939 1018 amat
965 954 1125 1036 posterior
1148 953 1307 1016 adulatio.

196 1081 307 1145 Funus
337 1079 523 1164 imaginum
554 1099 676 1164 pompa
698 1082 846 1145 maxime
868 1080 996 1144 illustre
1018 1080 1091 1158 fuit,
1115 1099 1192 1144 aum
1216 1080 1306 1162 origo

195 1206 313 1270 Italiae
342 1208 449 1290 gentis
481 1206 608 1271 Aeneas
636 1226 814 1291 omnesque
837 1206 1043 1271 Albanorum
1067 1224 1157 1288 roges
1180 1211 1214 1270 et
1236 1225 1308 1270 oon·

196 1332 278 1397 ditor
301 1335 392 1399 urbis
419 1332 592 1411 Romulus,
616 1338 689 1417 post
711 1334 835 1398 Sabina
858 1332 1023 1412 nobilitas,
1047 1332 1144 1396 Attus
1168 1331 1307 1397 Clausus

196 1463 384 1542 ceteraeque
417 1459 629 1525 Claudiorum
661 1460 780 1542 effigies
803 1459 899 1542 longo
925 1459 1038 1523 ordine
1062 1455 1307 1540 spectarentur'’

196 1590 225 1648 et
259 1584 348 1649 Ann.
379 1585 439 1664 XI,
474 1588 532 1649 24:
564 1586 730 1669 „Majores
761 1587 838 1664 mei,
862 1585 920 1667 (sia
943 1583 1102 1648 Claudius
1124 1583 1308 1667 Imperator

195 1710 351 1796 loquitur)
385 1731 528 1795 quorum
563 1713 811 1795 antiquissimus
839 1709 990 1790 Clausus,
1018 1710 1142 1794 origine
1173 1711 1306 1789 Sabina,

194 1834 290 1920 sqq.'',
310 1857 370 1901 nos
389 1839 542 1903 certiores
554 1839 633 1903 iacit
644 1837 761 1902 Attum
776 1836 934 1902 Clausum
948 1839 1034 1903 inter
1045 1836 1223 1902 Caesarum
1238 1857 1307 1900 ma·

191 1964 275 2044 Jores
298 1983 365 2029 esse
385 1965 559 2029 adscitum.
580 1962 677 2047 Quod
695 1966 910 2030 confirmatur
926 1983 947 2027 a
964 1965 1132 2043 Suetonio,
1144 1963 1306 2028 scribente

190 2089 227 2152 In
265 2089 363 2153 Vitae
391 2090 517 2154 'liberii
547 2110 617 2174 cap.
640 2090 674 2154 I:
697 2091 872 2166 „Patricia
894 2109 973 2173 gens
997 2087 1138 2153 Claudia
1161 2095 1233 2153 orta
1257 2095 1305 2152 est

190 2235 232 2280 ex
262 2216 411 2300 Regillis,
442 2217 559 2300 oppido
589 2216 799 2280 Sabinorum.
828 2215 910 2280 Inde
932 2215 1075 2280 Romam
1100 2233 1211 2279 recens
1234 2233 1306 2279 oon·

189 2342 298 2406 ditam
329 2361 407 2407 aum
437 2362 557 2426 magna
584 2343 757 2407 clientium
781 2362 884 2405 manu
908 2341 1148 2424 commigravit,
1171 2345 1305 2405 auctore

186 2467 267 2532 Tito
290 2469 387 2532 Tatio
410 2475 558 2534 consorte
580 2468 726 2548 Romuli,
751 2469 814 2547 vel,
839 2467 927 2551 quod
947 2468 1051 2551 magis
1069 2472 1206 2544 constat,
1226 2466 1304 2530 Atta

183 2592 331 2658 Claudio
353 2597 458 2679 gentis
479 2596 637 2679 principe,
660 2600 732 2678 post
752 2614 843 2678 reges
862 2601 993 2659 exactos
1012 2598 1103 2657 sexto
1116 2589 1304 2657 fercanno”

181 2728 220 2786 et
241 2741 264 2784 a
285 2720 463 2785 Plutarcho
486 2721 556 2784 vit.
576 2722 667 2785 Parr.
690 2721 778 2799 VIII,
793 2721 844 2800 21,
860 2723 896 2783 2:
916 2768 935 2798 „
947 2713 980 2793 ἦν
1000 2713 1046 2784 οὖν
1058 2714 1190 2790 ’Άιιιιιος
1202 2723 1304 2782 Κλαῦ-

180 2869 238 2918 σος
263 2845 292 2908 ἕο
313 2844 450 2923 Σοιβίιοιο
470 2844 540 2926 οὶνὺρ
563 2844 703 2927 χρήμοιοί
722 2869 756 2909 τε
776 2845 896 2917 dovario
915 2843 968 2909 κοιὶ
987 2844 1124 2922 stipasse
1143 2844 1222 2926 ῥώμῃ
1235 2845 1303 2925 πρὸς

177 2971 283 3046 ἀλκὴν
324 2973 470 3054 ἐπιφοινής
470 3020 568 3046 .....
602 2972 857 3052 πεντακισχιλίους
892 2970 981 3045 οἴκους
1014 2971 1189 3046 ductrices
1224 2973 1304 3050 μετὰ

175 3097 304 3163 παίδων
334 3095 384 3162 aul
414 3101 557 3176 γυνοιικῶι
570 3146 577 3161 .
591 3147 598 3161 .
614 3146 643 3162 ..
676 3099 716 3171 εἰς
740 3098 853 3176 Ῥώμην
876 3093 942 3177 ἦγε·
965 3097 1237 3172 Hermaites...
1262 3099 1303 3179 τῷ

175 3220 216 3289 δὲ
252 3222 379 3304 Κλιιύοῳ
409 3223 518 3305 πλέθροι
551 3222 636 3288 πέντε
665 3222 717 3288 ascl
747 3223 833 3289 εἴκοσι
862 3231 919 3302 γῆς
949 3222 1061 3298 ἔδωκεν,
1097 3225 1185 3289 οὗτοι
1209 3224 1240 3288 δὲ
1263 3232 1299 3306 τῇ
1392 3296 1396 3307 ,

175 3351 280 3432 βουλῇ
303 3348 512 3431 προσέγραψεν,
535 3349 631 3430 ἀρχὴν
652 3350 801 3423 πολιτείοις
824 3349 1023 3428 λαμβάνοιτο
1046 3350 1165 3425 ταύτην,
1187 3347 1205 3432 ᾗ
1224 3351 1301 3432 χρώ-

175 3500 272 3552 μενος
307 3475 456 3559 ἐμφρόνως
489 3476 650 3557 οὶιέδροιμει
683 3477 722 3549 εἷς
752 3478 785 3541 τὸ
815 3481 922 3558 πρῶτον
952 3474 1072 3556 οὶξίιομοο
1103 3475 1155 3542 nal
1178 3476 1301 3556 illustror

175 3601 261 3684 ἔσχε
282 3603 431 3685 μεγάλην,
453 3603 505 3668 aul
529 3602 610 3681 γένος
633 3605 742 3677 οὐδενὸς
764 3602 955 3685 ἀμαυρότερον
979 3605 1008 3668 ἐν
1030 3604 1126 3686 ‘pipp
1148 3606 1180 3669 τὸ
1201 3613 1301 3669 Klau-

176 3725 252 3794 ὂίοιι
274 3728 332 3809 ἀφ’
356 3729 443 3793 οὑτοῦ
467 3728 654 3794 κοιτέλιπει.”

231 3853 447 3939 Quamquam
470 3873 655 3919 asseverare
679 3875 746 3919 non
770 3857 874 3919 audeo
901 3853 1082 3938 Vergilium
1103 3875 1144 3920 ne
1165 3856 1218 3919 hic
1230 3857 1303 3939 qui-

178 3981 262 4045 dem
305 3983 526 4065 antiquiorem
561 3982 708 4046 fabulam
743 3987 820 4046 ante
855 3983 967 4047 oculos
1001 3984 1161 4062 habuisse,
1199 3984 1301 4047 miror

184 4112 301 4170 tamen
336 4127 449 4171 omnes
482 4109 655 4190 scriptores
689 4109 755 4172 fere
790 4110 916 4172 diversa
948 4111 1086 4174 nomiua
1119 4109 1298 4188 tradidisse,

184 4250 292 4313 quum
322 4239 418 4316 polita
447 4235 535 4298 solus
565 4236 652 4298 hunc
685 4232 843 4298 Clausum
875 4256 892 4300 e
923 4234 1076 4314 Curibus,
1101 4236 1160 4299 alii
1184 4253 1298 4299 omnes

189 4373 212 4417 e
245 4357 371 4441 Regillo
407 4366 515 4423 ortum
553 4360 673 4438 dicant,
708 4381 791 4443 quae
827 4363 1002 4426 varietates
1038 4363 1180 4444 profecto
1216 4362 1300 4424 mihi
