2956 5040
806 428 845 489 50

267 639 375 702 Roma
398 637 566 712 condetur,
586 637 702 700 ducem
724 637 983 717 Tyrrhenorum,
1003 640 1059 721 qui
1082 635 1298 722 Mezentium,
1312 665 1395 709 eon·

268 767 462 844 temptorem
496 761 593 824 illum
619 761 765 838 deorum,
790 761 987 843 expulerant
1010 763 1031 823 i.
1052 782 1079 826 e.
1106 761 1251 828 Aeneam
1280 769 1325 832 ab
1351 771 1394 832 iis

268 894 452 971 exceptum,
461 889 517 970 qui
531 887 716 950 diutissime
730 888 836 950 hostes
848 887 961 969 populi
975 887 1116 952 Romani
1126 890 1267 968 fuerant,
1280 894 1392 977 iisque

268 1013 519 1096 praesidentem,
544 1019 576 1076 et
599 1013 714 1076 Iliadis
737 1032 867 1076 versus:
892 1059 911 1088 „
921 1015 969 1076 νῦν
993 1010 1023 1076 δὲ
1046 1012 1080 1086 Al
1102 1013 1215 1078 Αἰνείαο
1233 1015 1288 1092 βίη
1303 1020 1390 1099 Τρώ-

267 1162 346 1202 εσσιν
367 1135 467 1212 ἀνάξει
490 1136 542 1202 καὶ
565 1137 678 1202 παίδων
701 1137 809 1210 παῖδες
831 1137 877 1202 τοί
895 1161 943 1201 κεν
966 1136 1120 1215 μετόπισθε
1142 1136 1306 1216 γένωνταε”
1320 1145 1388 1208 levi

269 1269 454 1331 mutatione
475 1271 623 1329 vertens:
642 1265 730 1342 „Hic
742 1265 860 1328 domus
874 1264 1004 1329 Aeneae
1017 1267 1141 1330 cunctis
1155 1269 1391 1335 dominabitur

269 1393 334 1457 oris
364 1391 405 1456 Et
430 1393 500 1455 nati
525 1399 681 1456 natorum
705 1392 819 1474 etqui
843 1395 1020 1455 nascentur
1044 1393 1086 1454 ab
1110 1390 1196 1455 illis”
1222 1395 1390 1459 vaticina·

270 1519 392 1582 tionem
426 1519 601 1600 Trojanam
634 1518 674 1581 ad
704 1516 875 1580 Aeneadas
897 1523 1108 1599 spectantem,
1133 1519 1172 1582 ad
1195 1519 1387 1602 Augustum

269 1644 432 1707 convertit
465 1663 606 1726 eumque
643 1643 760 1706 mundi
791 1642 1023 1725 imperatorem
1056 1645 1244 1726 aequalium
1278 1648 1389 1712 oculis

267 1770 445 1852 proposuit.

312 1888 401 1958 Haec
429 1893 550 1978 partim
577 1895 698 1958 tradita
723 1895 843 1976 partim
869 1914 889 1957 a
914 1891 1055 1977 Vergilio
1078 1895 1154 1959 ficta
1178 1895 1244 1958 lere
1269 1896 1386 1962 decem

269 2021 365 2084 annis
399 2026 471 2103 post
505 2041 525 2084 a
557 2022 716 2102 Dionysio
746 2039 878 2103 quoque
910 2025 1042 2084 narrata
1072 2025 1158 2084 sunt.
1181 2018 1244 2085 Hic
1268 2027 1386 2088 tamen

270 2147 415 2210 Aeneam
453 2168 529 2211 cum
565 2147 744 2231 Aphrodito
779 2149 910 2229 ejusque
941 2146 1034 2210 cultu
1066 2147 1246 2230 conjungit,
1271 2168 1324 2212 res
1349 2151 1388 2213 in

268 2273 362 2336 Latio
389 2277 477 2337 actas
501 2273 566 2336 alio
592 2272 687 2336 modo
711 2272 811 2336 tradit
833 2272 1038 2354 affirmatque
1061 2273 1198 2337 Latinos
1221 2273 1257 2335 iu
1283 2275 1388 2340 hono·

269 2419 338 2462 rem
375 2399 506 2463 Aeneae
540 2399 697 2463 sacellum
734 2398 925 2476 condidisse,
959 2400 1047 2480 quod
1077 2394 1240 2481 Vergilius
1274 2404 1391 2465 tumu-

269 2524 340 2587 lum
369 2545 434 2588 non
460 2545 630 2608 magnum,
655 2525 827 2589 arboribus
849 2525 1000 2607 speciosis
1024 2526 1264 2608 circumdatum
1292 2526 1388 2606 dicit,

268 2650 355 2731 quod
386 2649 443 2712 alii
475 2655 585 2713 tamen
609 2650 652 2714 ab
676 2649 786 2714 Aenea
809 2652 843 2712 in
867 2649 1033 2714 Anchisae
1057 2652 1215 2714 honorem
1240 2660 1389 2717 exstruo·

270 2779 340 2837 tum
376 2775 536 2839 dicebant.
572 2776 625 2840 Sic
658 2775 805 2839 tabulam
841 2795 953 2840 rursus
985 2795 1003 2840 e
1034 2777 1181 2841 carmine
1210 2777 1244 2839 in
1269 2797 1388 2842 rerum

267 2905 431 2982 gestarum
473 2899 722 2983 descriptionem
759 2902 952 2965 translatam
987 2921 1090 2984 coque
1126 2902 1221 2966 modo
1258 2902 1383 2967 saltem

268 3047 357 3091 nova
379 3027 526 3091 veritatis
548 3028 654 3110 specie
675 3028 827 3091 indutam
853 3028 1085 3111 comperimus.

313 3151 522 3235 Quamquam
547 3153 664 3232 deinde
689 3151 817 3218 Aeneae
836 3153 1120 3237 Trojanorumque
1140 3155 1323 3220 adventurn
1347 3158 1385 3221 in

268 3278 402 3341 Italiam
433 3297 453 3340 a
479 3279 713 3360 posterioribus
736 3280 958 3362 scriptoribus,
983 3300 1003 3342 a
1026 3280 1130 3357 Livio,
1156 3279 1261 3362 Trogo
1286 3281 1388 3346 Pom·

268 3406 352 3486 peio,
381 3404 549 3482 Strabone,
576 3402 735 3487 Appiano,
758 3405 934 3483 Pausania,
961 3402 1066 3470 Dione
1090 3404 1212 3484 Cassio,
1237 3406 1385 3474 Diodoro

270 3531 381 3594 Siculo
416 3532 470 3594 vel
505 3531 608 3593 fusius
642 3530 693 3594 vel
728 3531 861 3594 brevius
893 3531 1069 3614 repetitum
1093 3532 1223 3609 scimus,
1249 3530 1388 3601 fabulae

269 3656 407 3738 gloriam
437 3662 547 3719 tamen
573 3653 671 3718 simul
698 3675 772 3719 oum
797 3656 964 3720 Juliorum
987 3657 1097 3739 stirpis
1120 3657 1225 3738 gloria
1249 3676 1389 3724 evanes-

268 3801 339 3845 cere
363 3779 525 3845 videmus.
549 3781 601 3845 Sic
623 3781 832 3846 manifestum
854 3782 1057 3847 estfabulam
1073 3783 1220 3846 maxima
1232 3802 1272 3847 ex
1285 3791 1385 3868 parte

268 3909 303 3970 in
327 3908 493 3972 Juliorum
520 3909 672 3971 honorem
699 3909 862 3972 excultam
890 3927 967 3973 esse.

314 4035 347 4099 Si
371 4040 540 4117 praeterea
564 4040 754 4117 reputamus
778 4033 923 4097 Aeneam
945 4036 1092 4116 primum
1111 4055 1132 4098 a
1151 4035 1285 4101 Tibullo
1304 4087 1324 4117 „
1335 4040 1390 4103 In·

269 4159 431 4243 digetem”
457 4165 620 4237 vocatum,
643 4180 663 4223 a
689 4157 834 4224 Varrone
856 4161 891 4223 in
916 4161 1050 4225 deorum
1075 4182 1253 4227 numerum
1274 4165 1390 4231 redac-

269 4291 352 4366 tum,
377 4307 397 4350 a
416 4287 580 4370 prioribus
599 4287 811 4369 scriptoribus
831 4306 961 4370 semper
981 4288 1053 4353 sine
1066 4289 1134 4353 ullo
1146 4290 1386 4372 additamento,

269 4412 357 4495 quod
383 4415 538 4497 majorem
565 4413 721 4477 honorem
746 4414 863 4497 prodit,
884 4415 999 4479 ducem
1019 4414 1236 4499 Trojanorum
1256 4417 1386 4485 dictum
