2956 5040
753 387 794 449 54

212 598 389 660 secundum
423 596 584 672 Solinum,
610 592 654 672 ΙΙ,
681 596 732 673 14,
756 596 944 677 scripserat:
969 593 1068 672 „Nec
1092 593 1249 659 omissum
1275 593 1326 671 sit,

213 722 359 785 Aeneam
395 727 516 785 aestate
552 720 594 783 ab
626 718 690 784 Ilio
722 726 816 802 capto
842 723 984 785 secunda
1008 718 1135 784 Italicis
1155 718 1327 782 littoribus

212 847 395 931 appulsum,
428 847 522 910 sociis
553 866 619 910 non
644 847 786 929 amplius
810 847 979 926 sexcentis,
1003 847 1037 908 in
1062 865 1142 927 agro
1164 844 1326 908 Laurenti

211 972 354 1056 posuisse
377 977 492 1050 castra,
515 973 572 1036 ubi
594 974 673 1037 dum
685 971 922 1051 simulacrum,
936 973 1021 1055 quod
1034 991 1145 1035 secum
1158 990 1197 1035 ex
1211 970 1328 1034 sicilia

212 1100 401 1177 adduxerat,
425 1100 555 1163 dedicat
581 1098 702 1161 Veneri
728 1099 838 1176 matri,
865 1116 950 1180 quae
974 1096 1133 1178 Ἀφροδίτη
1157 1094 1289 1174 dicitur,
1309 1115 1328 1158 a

213 1223 372 1289 Diomede
406 1223 590 1286 Palladium
627 1222 777 1306 suscepit,
815 1222 986 1306 tribusque
1019 1242 1094 1286 mox
1124 1221 1220 1284 annis
1250 1240 1328 1284 curn

212 1351 330 1413 Latino
366 1349 518 1430 regnavit
551 1349 638 1412 socia
668 1352 836 1429 potestate,
862 1347 1050 1429 quingentis
1077 1346 1200 1429 jugeris
1222 1345 1268 1410 ab
1291 1364 1329 1409 eo

213 1473 385 1558 acceptis.”

258 1602 409 1664 Lutatius
439 1597 578 1663 Catulus
609 1599 694 1662 libro
726 1595 779 1660 III
811 1595 1006 1661 Communis
1030 1598 1193 1661 Historiae
1216 1616 1331 1661 narra·

216 1732 307 1790 verat
341 1725 392 1808 (cl.
416 1726 542 1788 Krousa
570 1744 622 1808 pg.
648 1725 741 1807 tiu:
763 1723 946 1802 „Latinum
970 1724 1094 1806 parItcr
1116 1742 1193 1788 cum
1217 1723 1333 1788 Aenea

216 1870 431 1934 progressum,
467 1851 555 1914 inter
586 1850 783 1932 proellantes
815 1850 1077 1914 circumventum
1110 1850 1332 1932 occisumque.

216 1977 283 2042 Nec
314 1983 426 2041 tamen
459 1977 578 2041 amisso
607 1994 716 2040 socero
744 1976 867 2039 Aeneas
890 1975 1024 2039 Rutulis
1047 1975 1201 2040 obsistere
1223 1974 1334 2071 desiit,

217 2122 361 2185 namque
396 2108 428 2165 et
462 2101 612 2165 Turnum
644 2100 822 2165 interemit.
855 2101 1013 2166 Hostibus
1045 2098 1123 2164 fusis
1146 2100 1335 2184 fugatisque

216 2231 320 2293 victor
342 2229 519 2291 Lavinium
544 2248 577 2291 se
601 2247 676 2292 cum
701 2229 768 2291 suis
792 2229 915 2311 recepit
933 2246 1158 2310 consensuque
1177 2228 1335 2292 omniurn

219 2355 410 2419 Latinorum
434 2374 492 2418 rex
516 2354 698 2418 declaratus
722 2353 802 2418 est.”

261 2477 306 2542 M.
329 2479 502 2543 Terentius
526 2476 629 2543 Varro
648 2479 828 2543 secundum
849 2477 1080 2562 AugustInum,
1102 2477 1138 2544 Ο.
1152 2479 1191 2542 D.
1204 2479 1337 2560 XVIII,

218 2607 269 2683 16,
302 2604 452 2668 tradidit:
483 2603 609 2687 „Troja
640 2624 753 2668 eversa
785 2605 937 2688 regnavit
956 2606 1027 2687 jam
1052 2604 1198 2682 Latinus,
1222 2605 1338 2670 Fauni

217 2729 311 2809 filius,
346 2750 386 2795 ex
425 2749 492 2813 quo
534 2731 729 2793 Latinorum
772 2750 908 2814 regnum
945 2730 1011 2794 dici
1045 2730 1151 2812 coepit
1184 2730 1338 2794 Lauren·

218 2862 357 2941 tumque
378 2853 546 2921 cessavit.''

261 2983 339 3060 „Eo
362 2988 508 3063 tempore
532 2986 604 3063 post
628 2987 756 3064 captam
778 2982 907 3065 Trojam
929 2985 1028 3065 atque
1048 2982 1189 3046 deletam
1205 2952 1339 3048 Aeneas

219 3128 293 3173 cum
328 3108 450 3190 viginti
485 3107 635 3184 naribus,
660 3108 780 3188 quibus
803 3108 1019 3190 portabantur
1040 3109 1198 3191 reliquiae
1221 3109 1339 3201 Troja-¹

218 3255 337 3297 norum
372 3234 406 3295 iu
442 3233 572 3296 Italiam
611 3235 714 3310 venit,
748 3241 907 3317 regnante
940 3236 988 3300 ibi
1023 3237 1144 3300 Latino
1178 3241 1211 3300 et
1245 3238 1340 3321 apud

220 3360 432 3424 Athenienses
466 3361 645 3438 Mnestheo,
680 3361 768 3443 apud
803 3362 937 3426 Sicanos
971 3362 1164 3444 Polyphide.
1201 3343 1338 3430 Mortuo

157 3488 160 3493 ’
219 3493 328 3551 autem
365 3485 480 3549 Latino
516 3487 667 3569 regnavit
701 3486 827 3550 Aeneas
859 3487 964 3551 tribus
998 3489 1104 3567 annIs,
1136 3507 1241 3570 quum
1260 3491 1338 3572 Jam

220 3615 436 3694 Sicyonornm
473 3630 531 3674 rex
567 3618 637 3674 erat
672 3612 836 3696 Pelasgus.
872 3614 935 3677 Sed
968 3612 1125 3692 Aeneam,
1159 3614 1337 3696 quoniam,

220 3738 348 3821 quando
384 3742 532 3801 mortuus
567 3741 624 3814 est,
656 3757 721 3800 non
756 3739 940 3820 comparuit
972 3739 1076 3803 Deum
1102 3739 1166 3802 sibi
1188 3741 1340 3805 fecerunt

220 3863 327 3926 Latini
343 3908 349 3923 .
365 3908 372 3923 .
387 3909 394 3924 .
410 3910 417 3925 .
432 3862 526 3925 Tum
552 3868 715 3926 memorat
739 3869 895 3944 quartum
920 3864 1112 3929 Latinorum
1136 3883 1247 3948 regern
1272 3865 1340 3930 Sil-

220 3990 319 4066 viurn,
346 3987 474 4050 Aeneae
496 3989 614 4066 filium,
640 4009 706 4051 uon
730 3989 768 4052 de
791 3988 924 4067 Oreiisa,
945 3990 984 4053 de
1004 4009 1070 4072 qua
1089 3990 1151 4053 luit
1164 3988 1339 4070 Ascanius,

220 4117 278 4198 qui
303 4117 417 4178 tertius
439 4116 486 4177 ibi
512 4116 671 4198 regnavit,
695 4116 749 4178 sed
774 4116 813 4179 de
836 4116 986 4193 Lavinia,
1007 4116 1119 4178 Latini
1140 4116 1218 4194 filia,
1231 4135 1338 4199 quem

220 4244 432 4324 posthumum
466 4243 593 4304 Aeneas
624 4243 744 4305 dicitur
773 4241 953 4305 habuisse''.
983 4239 1030 4323 (Ο.
1057 4239 1095 4306 Ι).
1118 4241 1243 4321 XVIII,
1270 4244 1337 4326 19).
1448 4268 1453 4279 ·

265 4368 393 4447 „Varro
417 4367 450 4430 in
475 4368 615 4434 secundo
639 4367 763 4432 Rerum
790 4363 982 4432 DIVInarum
1005 4368 1102 4434 dicit:
1124 4367 1205 4446 „Ex
1216 4385 1282 4451 quo
1296 4367 1338 4435 de
