2956 5040
255 619 513 701 Vergilium.
842 620 1112 704 Dionysium.

113 751 210 817 hrum
240 755 339 818 sitam
363 760 496 838 pectam
522 756 653 820 dixisse.

112 869 152 931 cf.
177 866 292 932 Oouon
316 866 414 932 Narr.
440 870 492 931 40.

162 980 211 1042 73.
234 981 284 1043 Ad
301 1001 412 1064 regem
425 982 553 1045 insulae
566 978 652 1057 Deli,
751 977 802 1040 ab.
831 978 918 1042 idem
942 981 1108 1041 narratur.

110 1090 236 1154 Anium
261 1094 406 1158 advenit.

750 1250 800 1314 Ad
830 1251 974 1314 insulam
1005 1250 1152 1334 Cythera
1175 1271 1244 1334 per·

704 1363 807 1441 venit,
839 1365 887 1428 ibi
920 1365 1082 1447 templum
1114 1363 1241 1447 Aphro·

703 1477 791 1540 ditae
816 1477 946 1554 eondit3

748 1589 1242 1671 inprcmcntoricPeloponnesi

703 1700 907 1766 Cinaethum
932 1701 1107 1784 sepeliunt.

160 1815 234 1878 121.
255 1814 306 1880 Ad
320 1815 452 1881 Orelam
467 1815 651 1898 appellunt.

159 1926 233 1992 209.
267 1927 316 1992 Ad
347 1929 543 2013 Strophades
571 1934 652 1991 tem·

112 2044 238 2121 pestate
268 2042 459 2124 adiguntur,
488 2043 546 2106 ubi
569 2042 652 2104 Har·

112 2153 212 2235 pyiae
238 2154 401 2219 habitant.

749 2323 799 2387 Ad
822 2325 1031 2406 Zacynthum
1058 2326 1195 2407 appellit
1209 2332 1242 2389 et

704 2436 907 2518 Aphroditae
932 2438 1092 2522 templum
1120 2439 1240 2517 condit,

702 2549 817 2631 ibique
837 2550 954 2612 ludum
976 2549 1141 2629 institunt,
1162 2571 1195 2633 q.
1208 2552 1240 2615 d.

703 2681 816 2725 cursus
837 2662 968 2726 Aeneae
987 2667 1019 2726 et
1035 2664 1238 2745 Aphrodites.

748 2772 798 2836 Ad
842 2776 1024 2839 Leucadem
1077 2776 1239 2858 templum

704 2885 904 2969 Aphrodites
928 2886 1072 2951 Aeneadi
1092 2889 1214 2953 condit.

161 2994 235 3057 276.
254 2991 386 3058 Actium
400 3000 529 3076 petunt.
541 2995 652 3058 Ludos
749 2997 879 3062 Actium
911 3005 1029 3083 petunt
1062 3001 1241 3082 templum·

113 3104 257 3170 instituit
277 3113 309 3171 et
324 3107 480 3188 clipeum,
495 3113 649 3171 ornatum
702 3131 767 3193 que
789 3111 990 3196 Aphroditae
1006 3112 1151 3177 Aeneadi
1167 3134 1241 3178 con·

113 3218 167 3280 his
187 3219 314 3282 verbis:
334 3218 493 3296 „Aeneas
515 3220 594 3283 hacc
614 3220 653 3282 de
703 3224 752 3287 dit
783 3229 814 3287 et
838 3225 979 3291 alterum
1006 3224 1135 3308 Magnis
1157 3226 1240 3289 Diis.

113 3331 240 3393 Danais
262 3331 444 3396 victoribus
464 3331 591 3409 arma,’'
612 3332 653 3395 ad

113 3443 230 3528 templi
252 3450 359 3526 postes
383 3443 495 3528 affigit.

749 3579 962 3645 Ambraciam
989 3581 1139 3664 pervenit
1159 3585 1239 3644 tem·

703 3694 861 3777 plnmque
876 3694 1080 3776 Aphroditae
1094 3695 1240 3758 Aeneadi

703 3812 735 3869 et
758 3807 914 3870 sacellum
943 3807 1072 3871 Aeneae
1095 3808 1217 3871 condit.

161 3921 649 4003 293.Buthrctumpctunr,ubi
749 3920 801 3982 51.
827 3918 984 3982 Anchises
1008 3920 1240 3983 cumnavibus

114 4033 240 4097 Heleno
264 4039 297 4098 et
322 4033 575 4097 Andromachae
599 4053 650 4097 oc·
703 4031 1239 4116 Buthrotumpetit3Aeneascum

113 4151 265 4211 currunt.
706 4146 869 4209 militibus
907 4146 1078 4209 Dodonam
1112 4150 1240 4229 petunt,

159 4261 198 4324 cl.
220 4260 299 4324 435.
324 4260 465 4338 „Unum
483 4260 569 4322 illud
589 4261 650 4323 tibi
704 4260 815 4340 ibique
839 4259 997 4341 Trojancs
1016 4278 1093 4321 eum
1114 4258 1239 4322 Heleno

114 4372 368 4454 praedicam...
397 4373 538 4437 lunonis
562 4391 649 4454 mag·
703 4372 884 4434 inveniunt
916 4375 948 4434 et
979 4371 1057 4434 inde
1085 4370 1137 4432 illi
1160 4387 1238 4450 quo·
