2956 5040
673 331 713 390 88

132 546 264 608 Danais
287 545 322 606 in
347 545 441 624 cujus
462 542 627 624 gremium
652 538 819 604 descendit
841 540 974 623 Jupiter
997 541 1204 623 liquefactus
1228 544 1267 605 iu

128 688 249 732 aurum
285 674 320 731 et
353 686 430 730 oum
466 665 576 746 puella
609 662 744 739 coivit'’‚
781 669 815 727 et
846 664 945 726 ibid:
978 665 1132 744 „Ardea‚
1166 668 1269 749 quasi

131 793 256 867 Ardua,
279 791 331 854 vel
360 790 449 871 quod
471 786 690 852 condentibus
715 788 831 850 urbem
858 789 1046 868 auspicium
1069 789 1136 852 fuit
1160 790 1270 852 ardea

131 918 213 993 avis,
246 916 298 979 vel
328 917 371 978 ab
404 915 524 989 Ardea,
555 914 624 975 filio
654 913 765 974 Ulixis
788 918 821 975 et
843 911 966 989 Circes,
992 914 1046 977 vel
1068 915 1113 978 ab
1139 915 1270 991 Ardea,

132 1060 207 1123 rege
230 1040 445 1115 Rutulorum,
468 1039 526 1120 qui
551 1038 648 1100 duxit
672 1036 844 1100 Danaiin.''

178 1165 360 1228 Audiamus
386 1165 457 1244 jam
489 1161 607 1241 Heyne
638 1163 675 1223 iu
704 1162 855 1224 Excursu
888 1161 917 1224 7.
949 1162 1043 1225 Libri
1073 1159 1152 1240 VII,
1188 1183 1269 1226 nar-

132 1296 281 1352 rentem:
313 1288 451 1364 „Turni
484 1288 597 1368 itaque
627 1287 789 1368 originem
822 1293 919 1368 poeta
942 1306 963 1348 a
988 1286 1114 1364 Danae,
1139 1288 1272 1352 Acrisii

134 1415 220 1496 regis
243 1413 443 1495 Argivorum
469 1411 548 1487 filia,
573 1410 683 1473 Persei
709 1418 825 1487 matre,
848 1412 995 1493 repetiit:
1018 1412 1172 1475 fabulam
1194 1413 1272 1476 rul-

133 1558 244 1622 garem
268 1547 410 1612 secutus,
433 1554 501 1618 quc
524 1536 634 1598 Ardea
655 1555 676 1597 a
700 1536 825 1614 Danai,
850 1536 959 1600 Persei
983 1542 1101 1614 matre,
1124 1539 1271 1602 condita

134 1661 358 1739 credebatur',
390 1669 422 1725 et
452 1661 566 1725 eodem
600 1661 668 1724 loco
691 1659 726 1723 in
750 1662 835 1724 flue:
857 1661 935 1738 „Ut
962 1662 1123 1726 tollantur
1144 1664 1269 1727 obscu-

136 1790 251 1852 ritates
283 1789 382 1869 hujus
412 1785 533 1869 stirpis,
558 1804 724 1867 opponere
747 1787 856 1867 placet
879 1793 1022 1850 stemma
1044 1773 1094 1850 ex*
1110 1787 1271 1870 Vergilio

137 1911 406 1990 adumbratum'',
438 1912 474 1974 iu
506 1930 572 1993 quo
602 1911 811 1988 Pilumnum,
841 1918 999 1994 quartum
1029 1912 1130 1974 illum
1153 1913 1271 1976 Turni

137 2045 274 2121 patrem,
298 2039 367 2118 ejus
390 2055 491 2098 avum
516 2035 593 2098 iacit
615 2040 808 2118 patremque
827 2031 991 2112 Veniliae,
1010 2037 1132 2117 quain
1144 2055 1183 2100 re
1196 2057 1270 2101 non

138 2165 348 2247 perspicuum
373 2169 484 2225 tamen
509 2170 558 2224 est
581 2159 745 2242 quomodo
767 2159 902 2223 Turnus
924 2161 1043 2223 Latino
1066 2163 1272 2244 consangui-

138 2307 220 2351 neus
253 2288 306 2363 sit,
337 2306 436 2369 quem
467 2286 640 2350 sobrinum
672 2284 813 2348 Amatae
843 2285 933 2348 dicit.
960 2286 1004 2348 Et
1026 2304 1085 2369 pro
1108 2286 1150 2348 iis
1173 2305 1270 2368 quac

138 2411 252 2477 scribit
281 2412 418 2489 Prcller‚
448 2411 547 2476 Rom.
570 2410 678 2492 Myth.
702 2409 745 2486 Il,
770 2430 822 2492 pg.
848 2412 930 2488 330;
963 2412 1055 2487 „Die
1077 2412 1271 2493 argivischc

139 2539 255 2601 Danai
289 2537 349 2601 soll
384 2557 443 2599 zur
477 2536 549 2599 Zeit
583 2536 638 2600 des
669 2536 846 2599 Pilumnus
879 2536 915 2598 in
938 2537 1047 2599 ihrem
1071 2536 1197 2599 Kasteu
1222 2556 1270 2600 an

141 2663 245 2726 dieses
275 2663 369 2725 Laud
391 2662 559 2744 getrieben
585 2662 656 2724 sein
679 2662 748 2724 und
770 2662 833 2724 mit
856 2662 926 2724 ihm
951 2660 1059 2725 Ardea
1080 2659 1272 2744 gegriiudet

141 2790 258 2866 hebcn,
290 2788 391 2850 daher
426 2786 560 2850 Turnus
594 2787 645 2850 bei
674 2786 781 2869 Virgil
804 2808 844 2850 zu
868 2788 978 2850 ciuem
1004 2786 1272 2870 Abkommeliug

140 2915 199 2977 dor
231 2913 297 2977 clte
332 2913 461 2976 Herden
494 2932 559 2975 von
593 2912 701 2994 Argos
733 2914 801 2976 und
824 2914 963 2994 Mycene
987 2914 1163 2996 gewordcn
1187 2912 1268 2993 ist’',

142 3041 249 3120 legera
283 3037 434 3120 equidem
468 3035 601 3098 malim:
637 3036 794 3117 „Argiva
826 3035 941 3100 Danai
971 3057 992 3100 a
1022 3037 1171 3120 Vergilio
1195 3039 1270 3102 dux

141 3165 227 3226 facta
250 3168 298 3226 est
320 3162 523 3239 colonorum,
548 3161 607 3243 qui
629 3160 774 3224 Ardeam
798 3161 1024 3238 condiderant,
1050 3166 1090 3224 ut
1109 3181 1147 3226 eo
1166 3163 1269 3227 modo

143 3287 296 3349 Turnum
321 3286 438 3348 Inachi
462 3284 581 3348 Acrisii
604 3286 797 3368 progeniem
821 3286 945 3368 fingere
967 3285 1109 3368 posset.”

186 3410 247 3473 His
270 3409 414 3473 collectis
439 3406 574 3472 historie
593 3409 726 3472 fabulae
748 3410 827 3473 heec
840 3409 925 3471 mihi
937 3409 1080 3474 videtur.
1096 3409 1269 3491 Vergilius

144 3537 203 3599 lroc
227 3535 293 3617 egit
318 3540 355 3598 ut
380 3534 490 3596 virum
516 3533 722 3616 praeclarum
744 3532 897 3596 Turnum
917 3534 1067 3616 fingeret,
1088 3538 1121 3597 et
1142 3538 1180 3597 ut
1190 3553 1272 3598 con·

142 3661 254 3723 silium
292 3680 391 3723 suurn
423 3663 660 3742 assequeretur,
685 3678 761 3722 eum
795 3657 902 3721 filium
927 3658 1090 3734 Vauiliac,
1113 3658 1269 3724 subolem

143 3785 295 3849 Pilumni
330 3785 417 3858 lecit,
451 3784 510 3866 qui
544 3784 624 3847 olim
658 3784 717 3859 dii,
750 3784 888 3846 nominc
915 3785 986 3865 jam
1019 3783 1155 3847 deorum
1188 3783 1271 3848 iacti

144 3917 255 3987 crant3
280 3908 309 3974 ei
331 3913 458 3992 patrem
483 3909 636 3972 attribuit
661 3904 830 3983 Daunum,
853 3926 920 3989 quo
943 3907 1079 3971 nomine
1100 3926 1157 3970 rex
1178 3906 1269 3990 Apu·

145 4036 209 4098 liae
222 4035 300 4098 olim
316 4033 500 4116 appellatus
513 4039 592 4096 eret.
606 4032 706 4095 Porro
719 4038 811 4095 amat
824 4051 900 4094 eum
913 4051 990 4094 cum
1004 4029 1121 4094 Iliadis
1134 4032 1268 4098 Achille

144 4159 299 4233 conferre,
320 4158 359 4220 cl.
379 4155 461 4219 Aen.
482 4152 538 4239 VI,
559 4157 617 4218 89:
638 4203 657 4232 „
668 4154 763 4219 Alius
775 4156 870 4220 Latio
877 4157 948 4238 jem
961 4162 1076 4238 partus
1088 4152 1266 4235 Achilles'',

144 4279 201 4359 IX,
228 4283 307 4346 742:
332 4280 476 4364 „Incipe
500 4280 643 4363 (Turnus
665 4281 724 4363 sit)
749 4281 778 4343 si
798 4299 864 4362 qua
883 4281 998 4344 animo
1019 4281 1266 4345 virtusetoou-
