2956 5040
716 379 758 441 28

176 594 236 664 tus,
271 586 359 651 Anu.
382 587 440 664 IV,
465 587 506 648 43
532 591 772 650 commemorat
795 586 996 668 Segestanos,
1019 585 1131 648 aedem
1156 583 1300 648 Veneris

175 712 352 775 restaurari
376 712 597 793 postulantes:
620 715 728 788 „nota
750 714 970 774 memorantes
990 709 1169 790 deorigine
1182 710 1252 790 ejus
1266 711 1300 770 et

174 837 261 900 laeta
283 834 414 901 Tiberio
422 861 430 911 ;
451 837 592 917 suscepit
604 854 719 898 curam
733 834 840 897 libens
853 838 890 896 ut
902 831 1195 913 consanguineus”,
1208 851 1299 914 quae

173 962 401 1025 demonstrant
431 968 463 1024 et
495 962 687 1042 Segestanos
711 964 743 1023 et
767 959 941 1023 Tiberium
969 957 1131 1038 templum
1157 955 1299 1019 Veneris

174 1087 209 1148 in
232 1086 338 1165 Eryce
358 1087 400 1150 ab
421 1084 534 1149 Aenea
554 1085 726 1148 conditum
746 1083 929 1160 credidisse,
942 1082 997 1146 sed
1017 1100 1084 1144 nou
1097 1081 1131 1143 id
1143 1080 1233 1162 quod
1246 1081 1300 1144 de-

175 1209 427 1272 monstrandum
450 1213 529 1284 erat,
551 1206 601 1271 Ol.
615 1207 692 1271 Tac.
705 1207 779 1283 XII,
794 1207 846 1268 58.
860 1205 967 1269 Servii
979 1204 1172 1268 annotatio:
1185 1203 1300 1283 „Ery-

175 1333 261 1410 cina,
292 1351 393 1415 quam
427 1332 555 1395 Aeneas
578 1350 690 1395 secum
716 1327 868 1393 advexit’
892 1328 939 1391 nil
964 1327 1056 1391 aliud
1079 1328 1142 1390 nisi
1165 1327 1302 1390 fabulae

177 1457 330 1536 repetitio
365 1461 423 1519 est.
456 1455 621 1538 Vergilius
652 1454 770 1517 deinde
795 1458 935 1516 testatur
958 1452 1105 1516 Aeneam
1132 1451 1298 1533 templum

176 1577 378 1661 Aphrodites
403 1576 530 1642 Idaliae
550 1579 585 1640 in
607 1578 728 1641 vertice
740 1578 884 1657 Erycino
898 1576 1096 1651 condidisse;
1110 1574 1226 1637 Strabo
1240 1593 1302 1637 nos

178 1704 330 1766 certiores
342 1703 420 1766 facit
432 1702 611 1766 nonnullos
619 1703 767 1784 scripisse
780 1701 926 1764 Aeneam
939 1720 1014 1764 oum
1025 1698 1301 1782 TrojanoElymo

178 1826 352 1908 Aegestam
388 1828 527 1904 venisse,
562 1845 647 1908 quae
681 1827 780 1890 ambo
815 1826 910 1889 nnllo
942 1825 1038 1888 modo
1068 1824 1302 1907 quaestionem

179 1947 324 2012 solvunt.
349 1949 403 2011 Sic
427 1947 606 2029 Dionysius
629 1949 718 2012 solus
740 1968 833 2011 aram
858 1948 1056 2030 Aphrodites
1075 1945 1238 2010 Aeneadis
1258 1947 1304 2009 ab

178 2074 301 2150 Aenea,
325 2074 483 2155 templum
506 2092 570 2156 que
597 2072 728 2137 Aeneae
746 2075 789 2137 ab
808 2075 904 2138 sociis
917 2072 1075 2156 Aegestae
1088 2070 1301 2152 Elymaeque

178 2198 348 2262 conditum
383 2202 634 2260 commemorat.
667 2198 795 2261 Suntne
830 2196 909 2260 illae
939 2215 990 2259 res
1017 2215 1052 2259 re
1079 2213 1158 2258 vera
1185 2192 1305 2257 actae?

178 2319 285 2384 Nemo
305 2321 423 2384 credet.
447 2320 505 2382 Est
524 2320 627 2402 igitur
647 2321 854 2403 figmentum.
866 2321 1016 2384 Possitue
1028 2319 1098 2382 fieri
1113 2322 1150 2381 ut
1162 2321 1195 2382 et
1206 2317 1304 2381 locus

179 2451 212 2509 et
231 2449 360 2526 tempus
381 2445 477 2527 huJ‘us
499 2445 648 2525 figmenti
669 2445 807 2526 originis
826 2443 1050 2525 reperiamus?
1068 2443 1303 2525 Experiamur.

223 2567 321 2650 Apud
354 2568 584 2633 Romanorum
617 2568 813 2650 scriptorum
846 2569 1016 2630 neminem
1048 2569 1128 2630 h'aec
1159 2566 1304 2629 nomina

180 2693 391 2775 „Aphrodite
413 2712 437 2756 s.
463 2689 595 2755 Venns’'
615 2699 647 2756 et
669 2741 688 2770 „
699 2690 888 2756 Aeneades''
909 2693 1087 2774 conjuncta
1098 2691 1304 2769 invenimus,

180 2838 222 2882 ne
244 2817 332 2900 apud
356 2817 543 2900 Vergilium
569 2818 714 2899 quidem.
746 2817 842 2900 Apud
865 2817 1073 2894 Strabonem,
1096 2834 1303 2899 quamquam

180 2942 276 3023 plura
309 2940 509 3023 Aphrodites
539 2942 740 3023 cognomina
764 2961 792 3004 e.
814 2961 844 3023 g.
870 2939 1012 3004 Coliadis
1034 2960 1087 3023 pg.
1113 2941 1187 3020 398,
1212 2938 1305 3004 Cast-

181 3066 289 3128 neidis
311 3085 363 3148 pg.
389 3066 452 3126 438
473 3067 600 3142 citavit,
625 3067 818 3149 scripsitque
842 3066 881 3130 de
906 3065 1065 3142 Leucade,
1089 3065 1128 3128 de
1143 3063 1248 3140 Actio,
1263 3065 1305 3126 de

181 3188 361 3252 Ambracia
383 3193 415 3252 et
437 3188 601 3271 Apollinis
625 3191 748 3273 templa
767 3190 814 3253 ibi
836 3190 1123 3265 commemoravit,
1134 3206 1303 3269 nusquam

182 3313 363 3395 Aphrodite
397 3313 537 3377 Aeneiae
571 3315 753 3378 invenitur.
790 3315 840 3378 Ne
875 3314 1057 3376 Pausanias
1093 3314 1227 3396 quidem
1264 3334 1306 3378 ea

182 3441 318 3502 nomina
347 3441 528 3522 conjunxit.
561 3440 657 3504 Unde
689 3441 792 3523 igitur
820 3441 906 3503 hanc
929 3440 1195 3520 conjunctionem
1221 3440 1305 3503 Dio·

182 3563 299 3642 nysius
321 3560 460 3644 petivit?
482 3562 555 3637 llle,
579 3565 636 3644 qui
662 3569 759 3627 testes
785 3569 879 3627 notos
903 3564 1108 3646 ignotosque,
1130 3569 1306 3627 narrantes

184 3688 314 3754 Aeneae
346 3689 387 3751 ad
416 3689 577 3753 Pallenen
613 3690 795 3754 adventurn
832 3691 922 3767 citat,
960 3690 1149 3752 testimonia
1173 3688 1305 3771 longin-

182 3813 308 3894 quioris
340 3812 480 3890 itineris,
514 3814 731 3896 scriptoribus
765 3814 874 3876 subito
909 3812 1034 3876 relictis
1066 3831 1106 3875 ex
1129 3812 1305 3892 Sibyllinis

184 3936 278 4000 libris
302 3942 333 3999 et
357 3937 498 4000 oraculis
521 3937 667 4018 Pythicis
687 3939 778 4020 petit,
800 3938 889 4019 quod
909 3937 1042 4000 forsitan
1056 3939 1125 4018 ejus
1138 3939 1304 4000 honestati

184 4067 418 4124 ornamentum
452 4063 503 4138 sit,
535 4069 569 4124 at
600 4063 696 4125 fidem
723 4068 835 4125 tamen
859 4082 927 4125 nou
951 4068 1059 4145 auget.
1085 4062 1200 4144 Neque
1224 4069 1304 4127 ante

183 4203 291 4266 neque
323 4194 395 4266 post
425 4205 501 4249 eum
527 4186 615 4249 ullus
639 4187 779 4267 scriptor
802 4187 841 4249 de
866 4188 927 4249 hac
951 4186 1130 4269 Aphrodite
1157 4186 1303 4250 Aeneadi

185 4310 387 4373 mentionem
424 4311 501 4373 lecit
536 4311 600 4372 nisi
636 4311 732 4391 hujus
762 4310 838 4373 aevi
871 4311 934 4373 viri
958 4311 1055 4374 docti.
1080 4309 1174 4390 Quae
1196 4332 1300 4394 quum
