2956 5040
649 404 689 466 41

115 635 237 680 nomen
271 616 402 699 legitur.
426 614 510 678 Rern
536 634 556 677 a
579 614 689 696 prima
713 615 839 698 origine
862 619 995 697 repetet,
1018 615 1143 679 Romae
1165 615 1228 698 pri·

118 741 243 804 mordia
284 740 442 818 narrabit,
473 758 558 822 quae
590 739 722 804 condita
753 745 801 804 est
831 738 1049 822 Trojanorum
1080 741 1226 806 auxiliis.

17 852 20 910 3
116 862 190 945 Quo
222 865 304 928 duae
340 865 373 927 bi
409 862 591 928 venerunt?
625 863 765 928 Nullum
798 884 917 928 nomeu
949 865 1013 927 nisi
1038 864 1168 930 Aeneae
1190 867 1226 929 in

114 997 269 1074 promptu
306 997 362 1055 est.
398 991 460 1054 Ille
495 991 584 1054 enim
619 993 749 1072 praeter
782 990 957 1068 Helenum,
990 995 1098 1055 vatem
1131 993 1228 1056 vela

13 1187 15 1190 .
114 1115 247 1180 Graecis
280 1122 412 1199 captum
450 1116 503 1181 vel
541 1116 757 1199 transfugam,
792 1115 881 1179 solus
915 1117 1048 1199 aragia
1071 1124 1225 1199 superest.

114 1239 177 1303 Ille
212 1241 301 1304 enim
334 1242 465 1324 imperii
487 1241 729 1304 Priamidarum
757 1241 847 1304 beses
867 1243 937 1323 jam
961 1240 995 1302 in
1019 1238 1124 1305 Iliade
1148 1242 1227 1306 eele-

10 1404 12 1408 ι
116 1366 229 1430 bratus
260 1371 317 1431 est.
349 1365 423 1447 Quo
447 1367 529 1431 duee
552 1367 616 1429 nisi
641 1365 752 1428 Aenea
777 1365 912 1448 Trojani
936 1366 978 1429 ad
1000 1366 1133 1429 italiam
1157 1386 1226 1449 per·

10 1537 17 1563 ,-
117 1491 232 1555 venire
266 1490 463 1574 potuerant?
495 1490 547 1556 Sio
578 1494 648 1574 ejus
668 1510 788 1554 nomen
812 1491 847 1552 in
872 1489 1017 1554 fabulam
1041 1491 1226 1569 inductum,
1277 1536 1280 1542 «

114 1617 251 1680 auribus
271 1618 456 1700 animisque
477 1617 706 1697 Rornanorum
728 1616 928 1699 propositum
942 1617 1019 1679 etin
1031 1622 1224 1699 perpetuum

116 1744 249 1807 fabulae
272 1744 432 1807 insertum
458 1749 516 1807 est.
541 1743 592 1807 Sis
613 1743 717 1826 igitur
736 1742 848 1806 fabula
860 1741 900 1804 de
911 1742 1054 1824 Trojana
1065 1741 1227 1809 Romano·

115 1890 191 1932 rum
216 1870 342 1952 origine
360 1872 481 1934 sensim
504 1871 617 1935 fabula
634 1870 673 1933 de
686 1868 799 1933 Aenea
812 1869 898 1932 laeta
910 1888 977 1934 esse
989 1869 1071 1932 mihi
1086 1870 1225 1935 videtur.

161 1995 195 2058 Si
225 2015 309 2077 quae
330 1993 470 2078 legimus
493 1997 581 2079 apud
604 1996 731 2058 Krause
753 2014 804 2078 pg.
833 1994 882 2073 73,
908 1995 947 2058 de
971 1994 1160 2073 Penatibus,
1184 1997 1226 2061 ab

118 2121 258 2205 Ascanio
283 2119 403 2184 Albam
427 2122 592 2185 translatis
612 2122 666 2184 sed
679 2140 773 2183 suam
785 2118 957 2203 pristinam
973 2121 1080 2184 sedem
1093 2121 1226 2184 Lauinii

115 2248 360 2329 resipientibus,
386 2249 427 2313 ab
450 2253 583 2313 auctore
606 2246 752 2330 Originis
775 2247 881 2330 gentis
904 2245 1074 2310 Romanae
1092 2249 1167 2329 jure
1190 2248 1225 2313 L.

115 2371 230 2437 Oinoio
264 2370 432 2439 Alimenta
463 2375 603 2456 ascripta
633 2377 719 2451 sunt,
750 2377 841 2454 patet
870 2368 1015 2434 fabulam
1040 2371 1079 2434 de
1102 2370 1226 2451 Aenea,

114 2499 253 2562 Penates
277 2519 294 2562 e
316 2500 413 2582 Troja
435 2519 544 2564 seeum
569 2500 719 2577 ducente,
742 2498 855 2561 eodem
877 2497 942 2560 fere
955 2502 1099 2579 tempore
1112 2503 1225 2562 natam

115 2644 193 2689 esse.
217 2625 306 2689 Haeo
331 2629 442 2689 tamen
467 2645 485 2690 e
508 2645 616 2689 rerum
641 2630 761 2687 natura
781 2624 868 2686 inter
888 2641 922 2686 se
941 2623 1115 2687 cohaerent
1123 2649 1132 2703 3
1146 2644 1224 2687 narn

116 2752 143 2813 si
176 2752 249 2833 quis
278 2751 385 2834 patria
416 2772 476 2815 sua
506 2751 621 2816 relicta
652 2769 771 2814 novam
804 2750 911 2813 sedem
943 2749 1083 2831 quaerit,
1114 2768 1224 2814 seeum

116 2896 208 2940 saara
237 2877 414 2941 domestica
445 2877 608 2954 transfert,
640 2876 795 2958 inprimis
827 2895 941 2958 quum,
973 2881 1009 2938 ut
1039 2874 1175 2955 Aeneas,
1208 2896 1226 2941 e

113 3001 221 3085 patria
252 3003 295 3066 ab
329 3002 476 3066 hostibus
499 3003 627 3066 obsessa
652 3003 772 3066 evadit.
798 2999 892 3081 Quod
917 3001 1034 3066 deiude
1056 3003 1145 3066 sedes
1168 3004 1224 3067 Pe-

114 3132 230 3190 natum
260 3127 437 3191 Lavinium
469 3129 616 3204 habetur,
638 3146 799 3209 nusquam
826 3126 889 3188 nisi
913 3126 967 3188 hio
990 3125 1129 3190 Penates
1152 3146 1225 3190 suos

114 3251 242 3316 Aeneas
265 3253 425 3335 deponere
449 3255 567 3336 potuit.

160 3376 290 3441 Aeneae
323 3398 445 3442 nomen
468 3384 550 3462 post,
576 3380 680 3462 magis
704 3379 873 3460 magisque
898 3376 1025 3441 fabulis·
1040 3378 1224 3443 domesticis

116 3503 155 3566 de
184 3503 301 3568 Latino
324 3504 464 3586 aliisque
488 3504 649 3569 intextum
674 3504 872 3583 invenimus,
897 3510 1123 3587 quantumque
1147 3524 1223 3568 eum

115 3627 258 3690 Romani
297 3627 451 3691 admirati
494 3630 570 3706 sint,
615 3630 724 3692 fabula
770 3626 921 3707 (intendit,
965 3648 1030 3711 qua
1072 3634 1224 3693 narratur

117 3771 191 3815 eum
235 3759 308 3835 post
341 3754 504 3835 proelium
539 3775 614 3818 oum
652 3755 763 3820 Turno
798 3775 961 3838 nusquam
996 3754 1223 3837 comparuisse.

116 3879 185 3943 Hoo
225 3886 311 3943 eerte
352 3880 484 3944 fabulae
527 3881 657 3944 eulmen
700 3882 812 3945 fuisset
856 3883 920 3944 nisi
959 3882 1069 3945 Julius
1105 3880 1225 3946 Caesar

117 4003 262 4069 Aeneam
298 4011 463 4070 auctorem
499 4007 552 4069 sui
586 4008 715 4089 generis
752 4006 815 4071 sibi
851 4008 1057 4084 vindicasset,
1093 4008 1223 4090 sataque

115 4132 190 4195 huie
223 4134 356 4215 ejusque
387 4134 497 4214 generi
530 4134 689 4196 eximium
724 4132 1089 4217 splendidissimumque
1109 4133 1221 4197 looum

114 4265 290 4339 parassent.
326 4255 387 4321 Ille
417 4260 504 4322 enim
538 4260 665 4340 primus
694 4258 862 4323 Juliorum
898 4261 957 4323 hae
982 4261 1106 4343 origine
1128 4260 1224 4341 glori-

116 4386 189 4444 atus
232 4389 289 4459 est,
334 4403 436 4464 quum
475 4389 626 4464 quaestor
660 4384 695 4444 in
734 4384 921 4447 laudatione
955 4384 1084 4447 funebri
1116 4384 1223 4448 Juliae
