<?xml version="1.0" encoding="UTF-8"?>
<!DOCTYPE html PUBLIC "-//W3C//DTD XHTML 1.0 Transitional//EN"
    "http://www.w3.org/TR/xhtml1/DTD/xhtml1-transitional.dtd">
<html xmlns="http://www.w3.org/1999/xhtml" xml:lang="en" lang="en">
 <head>
  <title>
</title>
<meta http-equiv="Content-Type" content="text/html;charset=utf-8" />
  <meta name='ocr-system' content='tesseract 3.04.00' />
  <meta name='ocr-capabilities' content='ocr_page ocr_carea ocr_par ocr_line ocrx_word'/>
</head>
<body>
  <div class='ocr_page' id='page_1' title='image "./quaestionesdefa00kindgoog_0074.png"; bbox 0 0 2956 5040; ppageno 0'>
   <div class='ocr_carea' id='block_1_1' title="bbox 646 389 684 449">
    <p class='ocr_par' dir='ltr' id='par_1_1' title="bbox 646 389 684 449">
     <span class='ocr_line' id='line_1_1' title="bbox 646 389 684 449; baseline 0.026 -1"><span class='ocrx_word' id='word_1_1' title='bbox 646 389 684 449; x_wconf 83' lang='lat'>59</span> 
     </span>
    </p>
   </div>
   <div class='ocr_carea' id='block_1_2' title="bbox 106 596 1224 677">
    <p class='ocr_par' dir='ltr' id='par_1_2' title="bbox 106 596 1224 677">
     <span class='ocr_line' id='line_1_2' title="bbox 106 596 1224 677; baseline 0.001 -17"><span class='ocrx_word' id='word_1_2' title='bbox 106 618 189 661; x_wconf 93' lang='lat' dir='ltr'>mus.</span> <span class='ocrx_word' id='word_1_3' title='bbox 229 597 356 662; x_wconf 80' lang='lat' dir='ltr'><strong>Aeneas</strong></span> <span class='ocrx_word' id='word_1_4' title='bbox 390 602 424 662; x_wconf 89' lang='lat' dir='ltr'>et</span> <span class='ocrx_word' id='word_1_5' title='bbox 459 597 628 676; x_wconf 89' lang='lat' dir='ltr'>Ascanius,</span> <span class='ocrx_word' id='word_1_6' title='bbox 660 597 797 661; x_wconf 88' lang='lat' dir='ltr'>Latinus</span> <span class='ocrx_word' id='word_1_7' title='bbox 828 597 987 661; x_wconf 80' lang='lat' dir='ltr'>Laurenti</span> <span class='ocrx_word' id='word_1_8' title='bbox 1009 617 1078 677; x_wconf 86' lang='lat' dir='ltr'>rex,</span> <span class='ocrx_word' id='word_1_9' title='bbox 1103 596 1224 661; x_wconf 89' lang='lat' dir='ltr'>Amata</span> 
     </span>
    </p>
   </div>
   <div class='ocr_carea' id='block_1_3' title="bbox 104 720 1224 806">
    <p class='ocr_par' dir='ltr' id='par_1_3' title="bbox 104 720 1224 806">
     <span class='ocr_line' id='line_1_3' title="bbox 104 720 1224 806; baseline 0 -20"><span class='ocrx_word' id='word_1_10' title='bbox 104 725 173 805; x_wconf 87' lang='lat' dir='ltr'>ejus</span> <span class='ocrx_word' id='word_1_11' title='bbox 207 743 292 786; x_wconf 85' lang='lat' dir='ltr'>uxor</span> <span class='ocrx_word' id='word_1_12' title='bbox 322 729 355 786; x_wconf 93' lang='lat' dir='ltr'>et</span> <span class='ocrx_word' id='word_1_13' title='bbox 386 721 528 786; x_wconf 89' lang='lat' dir='ltr'>Lavinia</span> <span class='ocrx_word' id='word_1_14' title='bbox 559 741 672 787; x_wconf 88' lang='lat' dir='ltr'>eornm</span> <span class='ocrx_word' id='word_1_15' title='bbox 704 720 781 802; x_wconf 86' lang='lat' dir='ltr'>fllia,</span> <span class='ocrx_word' id='word_1_16' title='bbox 814 722 947 786; x_wconf 85' lang='lat' dir='ltr'>Turnus</span> <span class='ocrx_word' id='word_1_17' title='bbox 979 723 1224 806; x_wconf 91' lang='lat' dir='ltr'>Mezentinsque</span> 
     </span>
    </p>
   </div>
   <div class='ocr_carea' id='block_1_4' title="bbox 103 854 1231 4452">
    <p class='ocr_par' dir='ltr' id='par_1_4' title="bbox 103 854 375 930">
     <span class='ocr_line' id='line_1_4' title="bbox 103 854 375 930; baseline 0 -18"><span class='ocrx_word' id='word_1_18' title='bbox 103 867 263 930; x_wconf 80' lang='lat' dir='ltr'><strong>personae</strong></span> <span class='ocrx_word' id='word_1_19' title='bbox 286 854 375 912; x_wconf 92' lang='lat' dir='ltr'>sunt.</span> 
     </span>
    </p>

    <p class='ocr_par' dir='ltr' id='par_1_5' title="bbox 104 974 1226 1917">
     <span class='ocr_line' id='line_1_5' title="bbox 150 974 1223 1058; baseline -0.002 -18"><span class='ocrx_word' id='word_1_20' title='bbox 150 974 239 1052; x_wconf 83' lang='lat' dir='ltr'>Cato,</span> <span class='ocrx_word' id='word_1_21' title='bbox 264 975 447 1039; x_wconf 88' lang='lat' dir='ltr'>secundum</span> <span class='ocrx_word' id='word_1_22' title='bbox 474 974 637 1052; x_wconf 87' lang='lat' dir='ltr'>Servium,</span> <span class='ocrx_word' id='word_1_23' title='bbox 658 976 727 1058; x_wconf 88' lang='lat' dir='ltr'>jam</span> <span class='ocrx_word' id='word_1_24' title='bbox 754 975 974 1057; x_wconf 78' lang='lat' dir='ltr'>discrepantes</span> <span class='ocrx_word' id='word_1_25' title='bbox 998 975 1126 1039; x_wconf 87' lang='lat' dir='ltr'>fabulas</span> <span class='ocrx_word' id='word_1_26' title='bbox 1150 993 1223 1038; x_wconf 90' lang='lat' dir='ltr'>nar·</span> 
     </span>
     <span class='ocr_line' id='line_1_6' title="bbox 104 1099 1225 1185; baseline -0.001 -21"><span class='ocrx_word' id='word_1_27' title='bbox 104 1101 201 1179; x_wconf 91' lang='lat' dir='ltr'>ravit,</span> <span class='ocrx_word' id='word_1_28' title='bbox 234 1119 338 1183; x_wconf 92' lang='lat' dir='ltr'>quum</span> <span class='ocrx_word' id='word_1_29' title='bbox 369 1101 498 1185; x_wconf 82' lang='lat' dir='ltr'><strong>scripsit</strong></span> <span class='ocrx_word' id='word_1_30' title='bbox 529 1100 571 1164; x_wconf 89' lang='lat' dir='ltr'>ad</span> <span class='ocrx_word' id='word_1_31' title='bbox 600 1099 682 1164; x_wconf 93' lang='lat' dir='ltr'>Aen.</span> <span class='ocrx_word' id='word_1_32' title='bbox 707 1100 735 1178; x_wconf 88' lang='grc' dir='ltr'>Ι,</span> <span class='ocrx_word' id='word_1_33' title='bbox 762 1101 835 1178; x_wconf 76' lang='grc'><strong>267,</strong></span> <span class='ocrx_word' id='word_1_34' title='bbox 861 1101 919 1179; x_wconf 91' lang='lat' dir='ltr'>IV,</span> <span class='ocrx_word' id='word_1_35' title='bbox 944 1102 1025 1164; x_wconf 80' lang='lat'><strong>620:</strong></span> <span class='ocrx_word' id='word_1_36' title='bbox 1048 1100 1225 1178; x_wconf 80' lang='lat' dir='ltr'>„Aeneam</span> 
     </span>
     <span class='ocr_line' id='line_1_7' title="bbox 105 1224 1223 1310; baseline 0.001 -22"><span class='ocrx_word' id='word_1_37' title='bbox 105 1231 237 1309; x_wconf 89' lang='lat' dir='ltr'>propter</span> <span class='ocrx_word' id='word_1_38' title='bbox 260 1225 393 1289; x_wconf 91' lang='lat' dir='ltr'>invasos</span> <span class='ocrx_word' id='word_1_39' title='bbox 417 1245 512 1310; x_wconf 86' lang='lat' dir='ltr'>agros</span> <span class='ocrx_word' id='word_1_40' title='bbox 535 1224 587 1289; x_wconf 90' lang='lat' dir='ltr'>vel</span> <span class='ocrx_word' id='word_1_41' title='bbox 611 1230 743 1308; x_wconf 90' lang='lat' dir='ltr'>propter</span> <span class='ocrx_word' id='word_1_42' title='bbox 762 1225 898 1308; x_wconf 88' lang='lat' dir='ltr'>praedas</span> <span class='ocrx_word' id='word_1_43' title='bbox 919 1230 1008 1290; x_wconf 89' lang='lat' dir='ltr'>actas</span> <span class='ocrx_word' id='word_1_44' title='bbox 1022 1228 1120 1308; x_wconf 85' lang='lat' dir='ltr'>juxta</span> <span class='ocrx_word' id='word_1_45' title='bbox 1139 1226 1223 1289; x_wconf 92' lang='lat' dir='ltr'>Lau·</span> 
     </span>
     <span class='ocr_line' id='line_1_8' title="bbox 106 1350 1226 1433; baseline -0.001 -18"><span class='ocrx_word' id='word_1_46' title='bbox 106 1351 310 1415; x_wconf 92' lang='lat' dir='ltr'>rolavininm</span> <span class='ocrx_word' id='word_1_47' title='bbox 342 1354 457 1414; x_wconf 90' lang='lat' dir='ltr'>contra</span> <span class='ocrx_word' id='word_1_48' title='bbox 487 1351 644 1414; x_wconf 91' lang='lat' dir='ltr'>Latinum</span> <span class='ocrx_word' id='word_1_49' title='bbox 678 1355 710 1414; x_wconf 89' lang='lat' dir='ltr'>et</span> <span class='ocrx_word' id='word_1_50' title='bbox 740 1350 892 1413; x_wconf 90' lang='lat' dir='ltr'>Turnum</span> <span class='ocrx_word' id='word_1_51' title='bbox 916 1369 1076 1433; x_wconf 84' lang='lat' dir='ltr'>pugnasse</span> <span class='ocrx_word' id='word_1_52' title='bbox 1099 1350 1135 1411; x_wconf 92' lang='lat' dir='ltr'>in</span> <span class='ocrx_word' id='word_1_53' title='bbox 1158 1368 1226 1432; x_wconf 93' lang='lat' dir='ltr'>qno</span> 
     </span>
     <span class='ocr_line' id='line_1_9' title="bbox 106 1471 1225 1558; baseline 0 -20"><span class='ocrx_word' id='word_1_54' title='bbox 106 1475 232 1558; x_wconf 90' lang='lat' dir='ltr'>proelio</span> <span class='ocrx_word' id='word_1_55' title='bbox 259 1475 396 1539; x_wconf 91' lang='lat' dir='ltr'>Latinus</span> <span class='ocrx_word' id='word_1_56' title='bbox 418 1476 526 1558; x_wconf 89' lang='lat' dir='ltr'>periit,</span> <span class='ocrx_word' id='word_1_57' title='bbox 550 1472 656 1553; x_wconf 88' lang='lat' dir='ltr'>cett.’&#39;,</span> <span class='ocrx_word' id='word_1_58' title='bbox 682 1475 737 1540; x_wconf 91' lang='lat' dir='ltr'>sed</span> <span class='ocrx_word' id='word_1_59' title='bbox 762 1476 862 1538; x_wconf 88' lang='lat' dir='ltr'>etiam</span> <span class='ocrx_word' id='word_1_60' title='bbox 887 1476 927 1539; x_wconf 89' lang='lat' dir='ltr'>ad</span> <span class='ocrx_word' id='word_1_61' title='bbox 954 1474 1035 1538; x_wconf 93' lang='lat' dir='ltr'>Aen.</span> <span class='ocrx_word' id='word_1_62' title='bbox 1062 1471 1117 1555; x_wconf 86' lang='lat' dir='ltr'>VI,</span> <span class='ocrx_word' id='word_1_63' title='bbox 1146 1476 1225 1540; x_wconf 82' lang='lat'><strong>760:</strong></span> 
     </span>
     <span class='ocr_line' id='line_1_10' title="bbox 107 1602 1225 1684; baseline -0.001 -19"><span class='ocrx_word' id='word_1_64' title='bbox 107 1651 127 1682; x_wconf 92' lang='lat'><strong>„</strong></span> <span class='ocrx_word' id='word_1_65' title='bbox 138 1602 302 1680; x_wconf 87' lang='lat' dir='ltr'>Turnum,</span> <span class='ocrx_word' id='word_1_66' title='bbox 334 1602 498 1665; x_wconf 87' lang='lat' dir='ltr'>auxilium</span> <span class='ocrx_word' id='word_1_67' title='bbox 529 1622 550 1666; x_wconf 90' lang='lat' dir='ltr'>a</span> <span class='ocrx_word' id='word_1_68' title='bbox 580 1602 741 1666; x_wconf 80' lang='lat' dir='ltr'>Mezentio</span> <span class='ocrx_word' id='word_1_69' title='bbox 772 1602 998 1684; x_wconf 87' lang='lat' dir='ltr'>impetratum,</span> <span class='ocrx_word' id='word_1_70' title='bbox 1025 1607 1141 1666; x_wconf 87' lang='lat' dir='ltr'>contra</span> <span class='ocrx_word' id='word_1_71' title='bbox 1164 1602 1225 1665; x_wconf 88' lang='lat' dir='ltr'>La·</span> 
     </span>
     <span class='ocr_line' id='line_1_11' title="bbox 110 1725 1220 1810; baseline 0 -20"><span class='ocrx_word' id='word_1_72' title='bbox 110 1729 220 1790; x_wconf 88' lang='lat' dir='ltr'>tinum</span> <span class='ocrx_word' id='word_1_73' title='bbox 256 1735 288 1791; x_wconf 91' lang='lat' dir='ltr'>et</span> <span class='ocrx_word' id='word_1_74' title='bbox 322 1725 466 1790; x_wconf 86' lang='lat' dir='ltr'>Aeneam</span> <span class='ocrx_word' id='word_1_75' title='bbox 498 1728 696 1810; x_wconf 84' lang='lat' dir='ltr'>pugnavisse</span> <span class='ocrx_word' id='word_1_76' title='bbox 728 1733 861 1810; x_wconf 88' lang='lat' dir='ltr'>propter</span> <span class='ocrx_word' id='word_1_77' title='bbox 885 1727 1060 1791; x_wconf 83' lang='lat' dir='ltr'>Lauiniam</span> <span class='ocrx_word' id='word_1_78' title='bbox 1086 1747 1220 1791; x_wconf 84' lang='lat' dir='ltr'>uxorem</span> 
     </span>
     <span class='ocr_line' id='line_1_12' title="bbox 111 1852 408 1917; baseline 0 -1"><span class='ocrx_word' id='word_1_79' title='bbox 111 1854 242 1917; x_wconf 90' lang='lat' dir='ltr'>Aeneae</span> <span class='ocrx_word' id='word_1_80' title='bbox 265 1852 408 1917; x_wconf 90' lang='lat' dir='ltr'>datam.&#39;’</span> 
     </span>
    </p>

    <p class='ocr_par' dir='ltr' id='par_1_6' title="bbox 109 1976 1229 3444">
     <span class='ocr_line' id='line_1_13' title="bbox 153 1976 1224 2063; baseline 0.002 -23"><span class='ocrx_word' id='word_1_81' title='bbox 153 1976 286 2061; x_wconf 83' lang='lat' dir='ltr'>Triplex</span> <span class='ocrx_word' id='word_1_82' title='bbox 297 1979 517 2042; x_wconf 89' lang='lat' dir='ltr'>controversia</span> <span class='ocrx_word' id='word_1_83' title='bbox 529 1998 586 2043; x_wconf 89' lang='lat' dir='ltr'>nos</span> <span class='ocrx_word' id='word_1_84' title='bbox 598 1979 742 2044; x_wconf 87' lang='lat' dir='ltr'>offendit.</span> <span class='ocrx_word' id='word_1_85' title='bbox 752 1978 860 2044; x_wconf 79' lang='lat' dir='ltr'>Causa</span> <span class='ocrx_word' id='word_1_86' title='bbox 872 1978 952 2043; x_wconf 90' lang='lat' dir='ltr'>belli</span> <span class='ocrx_word' id='word_1_87' title='bbox 966 1979 1019 2042; x_wconf 92' lang='lat' dir='ltr'>vel</span> <span class='ocrx_word' id='word_1_88' title='bbox 1033 1979 1140 2042; x_wconf 85' lang='lat' dir='ltr'>invasi</span> <span class='ocrx_word' id='word_1_89' title='bbox 1154 1980 1224 2063; x_wconf 84' lang='lat' dir='ltr'>agri</span> 
     </span>
     <span class='ocr_line' id='line_1_14' title="bbox 110 2104 1225 2188; baseline 0 -21"><span class='ocrx_word' id='word_1_90' title='bbox 110 2106 163 2169; x_wconf 91' lang='lat' dir='ltr'>vel</span> <span class='ocrx_word' id='word_1_91' title='bbox 187 2105 326 2188; x_wconf 89' lang='lat' dir='ltr'>praedae</span> <span class='ocrx_word' id='word_1_92' title='bbox 349 2109 441 2168; x_wconf 89' lang='lat' dir='ltr'>actae</span> <span class='ocrx_word' id='word_1_93' title='bbox 465 2105 520 2168; x_wconf 92' lang='lat' dir='ltr'>sed</span> <span class='ocrx_word' id='word_1_94' title='bbox 544 2105 644 2168; x_wconf 85' lang='lat' dir='ltr'>eliam</span> <span class='ocrx_word' id='word_1_95' title='bbox 668 2104 810 2168; x_wconf 90' lang='lat' dir='ltr'>Lavinia</span> <span class='ocrx_word' id='word_1_96' title='bbox 831 2111 977 2169; x_wconf 90' lang='lat' dir='ltr'>vocatur.</span> <span class='ocrx_word' id='word_1_97' title='bbox 1000 2104 1131 2168; x_wconf 89' lang='lat' dir='ltr'>Turnus</span> <span class='ocrx_word' id='word_1_98' title='bbox 1150 2124 1225 2169; x_wconf 88' lang='lat' dir='ltr'>cnm</span> 
     </span>
     <span class='ocr_line' id='line_1_15' title="bbox 109 2229 1226 2314; baseline -0.002 -20"><span class='ocrx_word' id='word_1_99' title='bbox 109 2232 229 2296; x_wconf 84' lang='lat' dir='ltr'>Latino</span> <span class='ocrx_word' id='word_1_100' title='bbox 252 2235 367 2295; x_wconf 88' lang='lat' dir='ltr'>contra</span> <span class='ocrx_word' id='word_1_101' title='bbox 389 2229 535 2294; x_wconf 85' lang='lat' dir='ltr'>Aeneam</span> <span class='ocrx_word' id='word_1_102' title='bbox 558 2235 696 2314; x_wconf 87' lang='lat' dir='ltr'>pugnat,</span> <span class='ocrx_word' id='word_1_103' title='bbox 721 2230 898 2295; x_wconf 91' lang='lat' dir='ltr'>sedetiam</span> <span class='ocrx_word' id='word_1_104' title='bbox 924 2230 983 2293; x_wconf 93' lang='lat' dir='ltr'>ille</span> <span class='ocrx_word' id='word_1_105' title='bbox 1006 2234 1121 2294; x_wconf 90' lang='lat' dir='ltr'>contra</span> <span class='ocrx_word' id='word_1_106' title='bbox 1138 2230 1226 2293; x_wconf 88' lang='lat' dir='ltr'>Lati·</span> 
     </span>
     <span class='ocr_line' id='line_1_16' title="bbox 111 2352 1227 2427; baseline 0.003 -7"><span class='ocrx_word' id='word_1_107' title='bbox 111 2378 194 2420; x_wconf 89' lang='lat' dir='ltr'>num</span> <span class='ocrx_word' id='word_1_108' title='bbox 237 2361 269 2421; x_wconf 97' lang='grc'>66</span> <span class='ocrx_word' id='word_1_109' title='bbox 303 2352 459 2427; x_wconf 87' lang='lat' dir='ltr'>Aeneam.</span> <span class='ocrx_word' id='word_1_110' title='bbox 495 2356 627 2420; x_wconf 86' lang='lat' dir='ltr'>Turnus</span> <span class='ocrx_word' id='word_1_111' title='bbox 661 2357 779 2420; x_wconf 89' lang='lat' dir='ltr'>Latino</span> <span class='ocrx_word' id='word_1_112' title='bbox 814 2357 919 2422; x_wconf 87' lang='lat' dir='ltr'>occiso</span> <span class='ocrx_word' id='word_1_113' title='bbox 954 2376 1028 2421; x_wconf 87' lang='lat' dir='ltr'>cnm</span> <span class='ocrx_word' id='word_1_114' title='bbox 1066 2357 1227 2423; x_wconf 85' lang='lat' dir='ltr'>Mezentio</span> 
     </span>
     <span class='ocr_line' id='line_1_17' title="bbox 111 2480 1226 2565; baseline 0.001 -21"><span class='ocrx_word' id='word_1_115' title='bbox 111 2482 221 2546; x_wconf 86' lang='lat' dir='ltr'>foedus</span> <span class='ocrx_word' id='word_1_116' title='bbox 242 2482 326 2560; x_wconf 87' lang='lat' dir='ltr'>ferit,</span> <span class='ocrx_word' id='word_1_117' title='bbox 350 2482 439 2565; x_wconf 90' lang='lat' dir='ltr'>quod</span> <span class='ocrx_word' id='word_1_118' title='bbox 463 2483 500 2544; x_wconf 90' lang='lat' dir='ltr'>in</span> <span class='ocrx_word' id='word_1_119' title='bbox 523 2482 627 2546; x_wconf 90' lang='lat' dir='ltr'>altera</span> <span class='ocrx_word' id='word_1_120' title='bbox 651 2480 844 2547; x_wconf 89' lang='lat' dir='ltr'>narratione</span> <span class='ocrx_word' id='word_1_121' title='bbox 866 2481 978 2546; x_wconf 89' lang='lat' dir='ltr'>statim</span> <span class='ocrx_word' id='word_1_122' title='bbox 1000 2487 1115 2547; x_wconf 89' lang='lat' dir='ltr'>contra</span> <span class='ocrx_word' id='word_1_123' title='bbox 1139 2483 1226 2547; x_wconf 83' lang='lat' dir='ltr'>Lati·</span> 
     </span>
     <span class='ocr_line' id='line_1_18' title="bbox 112 2607 1227 2692; baseline 0.002 -21"><span class='ocrx_word' id='word_1_124' title='bbox 112 2628 195 2671; x_wconf 92' lang='lat' dir='ltr'>nnm</span> <span class='ocrx_word' id='word_1_125' title='bbox 232 2609 445 2692; x_wconf 89' lang='lat' dir='ltr'>Aeneamque</span> <span class='ocrx_word' id='word_1_126' title='bbox 480 2608 568 2673; x_wconf 87' lang='grc'><strong>16616.</strong></span> <span class='ocrx_word' id='word_1_127' title='bbox 604 2607 698 2689; x_wconf 74' lang='lat' dir='ltr'>Quae</span> <span class='ocrx_word' id='word_1_128' title='bbox 731 2610 974 2674; x_wconf 90' lang='lat' dir='ltr'>controversiae</span> <span class='ocrx_word' id='word_1_129' title='bbox 1009 2607 1101 2674; x_wconf 86' lang='lat' dir='ltr'>nullo</span> <span class='ocrx_word' id='word_1_130' title='bbox 1133 2608 1227 2674; x_wconf 91' lang='lat' dir='ltr'>modo</span> 
     </span>
     <span class='ocr_line' id='line_1_19' title="bbox 113 2731 1228 2817; baseline 0.002 -21"><span class='ocrx_word' id='word_1_131' title='bbox 113 2733 196 2797; x_wconf 88' lang='lat' dir='ltr'>solvi</span> <span class='ocrx_word' id='word_1_132' title='bbox 219 2740 364 2817; x_wconf 89' lang='lat' dir='ltr'>possunt.</span> <span class='ocrx_word' id='word_1_133' title='bbox 387 2731 536 2798; x_wconf 87' lang='lat' dir='ltr'>Niebuhr</span> <span class='ocrx_word' id='word_1_134' title='bbox 560 2737 592 2798; x_wconf 89' lang='lat' dir='ltr'>et</span> <span class='ocrx_word' id='word_1_135' title='bbox 614 2734 735 2797; x_wconf 85' lang='lat' dir='ltr'>Jordan</span> <span class='ocrx_word' id='word_1_136' title='bbox 757 2734 889 2799; x_wconf 80' lang='lat' dir='ltr'>Catonis</span> <span class='ocrx_word' id='word_1_137' title='bbox 909 2754 1031 2798; x_wconf 90' lang='lat' dir='ltr'>nomen</span> <span class='ocrx_word' id='word_1_138' title='bbox 1051 2735 1228 2817; x_wconf 89' lang='lat' dir='ltr'>posteriore</span> 
     </span>
     <span class='ocr_line' id='line_1_20' title="bbox 112 2858 1228 2943; baseline 0.001 -22"><span class='ocrx_word' id='word_1_139' title='bbox 112 2859 183 2922; x_wconf 91' lang='lat' dir='ltr'>loco</span> <span class='ocrx_word' id='word_1_140' title='bbox 215 2859 341 2942; x_wconf 89' lang='lat' dir='ltr'>injuria</span> <span class='ocrx_word' id='word_1_141' title='bbox 372 2878 393 2922; x_wconf 89' lang='lat' dir='ltr'>a</span> <span class='ocrx_word' id='word_1_142' title='bbox 424 2858 537 2924; x_wconf 87' lang='lat' dir='ltr'>Servio</span> <span class='ocrx_word' id='word_1_143' title='bbox 560 2861 717 2942; x_wconf 90' lang='lat' dir='ltr'>scriptum</span> <span class='ocrx_word' id='word_1_144' title='bbox 744 2878 811 2923; x_wconf 89' lang='lat' dir='ltr'>esse</span> <span class='ocrx_word' id='word_1_145' title='bbox 835 2861 1047 2938; x_wconf 92' lang='lat' dir='ltr'>contendunt,</span> <span class='ocrx_word' id='word_1_146' title='bbox 1074 2864 1110 2923; x_wconf 94' lang='lat' dir='ltr'>nt</span> <span class='ocrx_word' id='word_1_147' title='bbox 1133 2859 1228 2943; x_wconf 89' lang='lat' dir='ltr'>plura</span> 
     </span>
     <span class='ocr_line' id='line_1_21' title="bbox 112 2986 1226 3069; baseline 0.002 -22"><span class='ocrx_word' id='word_1_148' title='bbox 112 3003 246 3067; x_wconf 90' lang='lat' dir='ltr'>quoque</span> <span class='ocrx_word' id='word_1_149' title='bbox 279 2986 397 3049; x_wconf 88' lang='lat' dir='ltr'>menda</span> <span class='ocrx_word' id='word_1_150' title='bbox 430 2987 459 3050; x_wconf 91' lang='lat' dir='ltr'>ei</span> <span class='ocrx_word' id='word_1_151' title='bbox 492 2991 570 3050; x_wconf 89' lang='lat' dir='ltr'>suut</span> <span class='ocrx_word' id='word_1_152' title='bbox 600 2986 775 3050; x_wconf 86' lang='lat' dir='ltr'>tribuenda</span> <span class='ocrx_word' id='word_1_153' title='bbox 806 2988 899 3069; x_wconf 85' lang='lat' dir='ltr'>(eg.</span> <span class='ocrx_word' id='word_1_154' title='bbox 923 2986 1014 3051; x_wconf 88' lang='lat' dir='ltr'>Serv.</span> <span class='ocrx_word' id='word_1_155' title='bbox 1039 2987 1077 3050; x_wconf 84' lang='lat' dir='ltr'>A.</span> <span class='ocrx_word' id='word_1_156' title='bbox 1101 2986 1160 3064; x_wconf 91' lang='lat' dir='ltr'>IX,</span> <span class='ocrx_word' id='word_1_157' title='bbox 1187 2988 1226 3051; x_wconf 87' lang='grc'>76</span> 
     </span>
     <span class='ocr_line' id='line_1_22' title="bbox 112 3109 1227 3195; baseline 0.005 -24"><span class='ocrx_word' id='word_1_158' title='bbox 112 3109 171 3172; x_wconf 84' lang='grc'>661</span> <span class='ocrx_word' id='word_1_159' title='bbox 202 3109 365 3187; x_wconf 87' lang='lat' dir='ltr'>„Livius”</span> <span class='ocrx_word' id='word_1_160' title='bbox 392 3112 525 3176; x_wconf 89' lang='lat' dir='ltr'>evidens</span> <span class='ocrx_word' id='word_1_161' title='bbox 550 3112 670 3175; x_wconf 92' lang='lat' dir='ltr'>menda</span> <span class='ocrx_word' id='word_1_162' title='bbox 694 3113 765 3194; x_wconf 89' lang='lat' dir='ltr'>est),</span> <span class='ocrx_word' id='word_1_163' title='bbox 788 3113 844 3176; x_wconf 90' lang='lat' dir='ltr'>sed</span> <span class='ocrx_word' id='word_1_164' title='bbox 867 3113 991 3195; x_wconf 89' lang='lat' dir='ltr'>optimc</span> <span class='ocrx_word' id='word_1_165' title='bbox 1014 3112 1136 3177; x_wconf 87' lang='lat' dir='ltr'>factum</span> <span class='ocrx_word' id='word_1_166' title='bbox 1160 3133 1227 3177; x_wconf 90' lang='lat' dir='ltr'>esse</span> 
     </span>
     <span class='ocr_line' id='line_1_23' title="bbox 112 3233 1229 3320; baseline 0.004 -23"><span class='ocrx_word' id='word_1_167' title='bbox 112 3240 218 3317; x_wconf 89' lang='lat' dir='ltr'>potest</span> <span class='ocrx_word' id='word_1_168' title='bbox 247 3240 285 3298; x_wconf 86' lang='lat' dir='ltr'>nt</span> <span class='ocrx_word' id='word_1_169' title='bbox 314 3233 396 3299; x_wconf 79' lang='lat' dir='ltr'>Cato</span> <span class='ocrx_word' id='word_1_170' title='bbox 427 3236 508 3301; x_wconf 89' lang='lat' dir='ltr'>duas</span> <span class='ocrx_word' id='word_1_171' title='bbox 539 3238 650 3300; x_wconf 88' lang='lat' dir='ltr'>varias</span> <span class='ocrx_word' id='word_1_172' title='bbox 681 3237 811 3300; x_wconf 85' lang='lat' dir='ltr'>fabulas</span> <span class='ocrx_word' id='word_1_173' title='bbox 838 3238 989 3318; x_wconf 87' lang='lat' dir='ltr'>traderet,</span> <span class='ocrx_word' id='word_1_174' title='bbox 1014 3239 1133 3320; x_wconf 93' lang='lat' dir='ltr'>quibus</span> <span class='ocrx_word' id='word_1_175' title='bbox 1157 3239 1229 3302; x_wconf 87' lang='lat' dir='ltr'>Ser·</span> 
     </span>
     <span class='ocr_line' id='line_1_24' title="bbox 114 3362 650 3444; baseline 0.009 -23"><span class='ocrx_word' id='word_1_176' title='bbox 114 3362 191 3424; x_wconf 91' lang='lat' dir='ltr'>vius</span> <span class='ocrx_word' id='word_1_177' title='bbox 217 3363 289 3426; x_wconf 91' lang='grc'><strong>1666</strong></span> <span class='ocrx_word' id='word_1_178' title='bbox 314 3362 375 3426; x_wconf 91' lang='lat' dir='ltr'>sibi</span> <span class='ocrx_word' id='word_1_179' title='bbox 400 3367 474 3444; x_wconf 87' lang='lat' dir='ltr'>apto</span> <span class='ocrx_word' id='word_1_180' title='bbox 498 3382 575 3426; x_wconf 92' lang='lat' dir='ltr'>usus</span> <span class='ocrx_word' id='word_1_181' title='bbox 599 3363 650 3426; x_wconf 90' lang='lat' dir='ltr'>sit.</span> 
     </span>
    </p>

    <p class='ocr_par' dir='ltr' id='par_1_7' title="bbox 114 3486 1231 4199">
     <span class='ocr_line' id='line_1_25' title="bbox 161 3486 1227 3572; baseline 0.004 -23"><span class='ocrx_word' id='word_1_182' title='bbox 161 3486 340 3570; x_wconf 87' lang='lat' dir='ltr'>Dionysius</span> <span class='ocrx_word' id='word_1_183' title='bbox 360 3489 482 3552; x_wconf 90' lang='lat' dir='ltr'>bellum</span> <span class='ocrx_word' id='word_1_184' title='bbox 497 3494 627 3572; x_wconf 92' lang='lat' dir='ltr'>propter</span> <span class='ocrx_word' id='word_1_185' title='bbox 640 3487 815 3553; x_wconf 81' lang='lat' dir='ltr'>Lauiniam</span> <span class='ocrx_word' id='word_1_186' title='bbox 831 3495 958 3554; x_wconf 91' lang='lat' dir='ltr'>motum</span> <span class='ocrx_word' id='word_1_187' title='bbox 971 3491 1052 3554; x_wconf 88' lang='lat' dir='ltr'>dicit</span> <span class='ocrx_word' id='word_1_188' title='bbox 1072 3490 1227 3566; x_wconf 88' lang='lat' dir='ltr'>aTurno,</span> 
     </span>
     <span class='ocr_line' id='line_1_26' title="bbox 114 3611 1227 3700; baseline -0.002 -22"><span class='ocrx_word' id='word_1_189' title='bbox 114 3617 173 3700; x_wconf 93' lang='lat' dir='ltr'>qui</span> <span class='ocrx_word' id='word_1_190' title='bbox 196 3635 229 3680; x_wconf 92' lang='grc'>66</span> <span class='ocrx_word' id='word_1_191' title='bbox 251 3613 383 3678; x_wconf 86' lang='lat' dir='ltr'>Rutulis</span> <span class='ocrx_word' id='word_1_192' title='bbox 406 3615 594 3698; x_wconf 85' lang='lat' dir='ltr'>adjunxerit</span> <span class='ocrx_word' id='word_1_193' title='bbox 616 3622 732 3680; x_wconf 89' lang='lat' dir='ltr'>eontra</span> <span class='ocrx_word' id='word_1_194' title='bbox 754 3617 911 3680; x_wconf 90' lang='lat' dir='ltr'>Latinum</span> <span class='ocrx_word' id='word_1_195' title='bbox 939 3615 1161 3699; x_wconf 83' lang='lat' dir='ltr'>Aeneamque.</span> <span class='ocrx_word' id='word_1_196' title='bbox 1185 3611 1227 3677; x_wconf 90' lang='lat' dir='ltr'>In</span> 
     </span>
     <span class='ocr_line' id='line_1_27' title="bbox 115 3737 1229 3823; baseline 0 -21"><span class='ocrx_word' id='word_1_197' title='bbox 115 3741 239 3823; x_wconf 91' lang='lat' dir='ltr'>proelio</span> <span class='ocrx_word' id='word_1_198' title='bbox 263 3737 402 3803; x_wconf 87' lang='lat' dir='ltr'>Latinus</span> <span class='ocrx_word' id='word_1_199' title='bbox 426 3745 458 3802; x_wconf 92' lang='lat' dir='ltr'>et</span> <span class='ocrx_word' id='word_1_200' title='bbox 482 3738 612 3803; x_wconf 87' lang='lat' dir='ltr'>Turnus</span> <span class='ocrx_word' id='word_1_201' title='bbox 635 3742 720 3804; x_wconf 90' lang='lat' dir='ltr'>eaesi</span> <span class='ocrx_word' id='word_1_202' title='bbox 741 3745 828 3803; x_wconf 91' lang='lat' dir='ltr'>snnt.</span> <span class='ocrx_word' id='word_1_203' title='bbox 850 3739 980 3816; x_wconf 83' lang='lat' dir='ltr'>Rutuli,</span> <span class='ocrx_word' id='word_1_204' title='bbox 1001 3758 1104 3822; x_wconf 88' lang='lat' dir='ltr'>quum</span> <span class='ocrx_word' id='word_1_205' title='bbox 1126 3740 1229 3803; x_wconf 90' lang='lat' dir='ltr'>rebel-</span> 
     </span>
     <span class='ocr_line' id='line_1_28' title="bbox 116 3865 1230 3949; baseline -0.003 -19"><span class='ocrx_word' id='word_1_206' title='bbox 116 3868 237 3930; x_wconf 86' lang='lat' dir='ltr'>lassent</span> <span class='ocrx_word' id='word_1_207' title='bbox 267 3866 349 3930; x_wconf 90' lang='lat' dir='ltr'>dnce</span> <span class='ocrx_word' id='word_1_208' title='bbox 380 3867 549 3945; x_wconf 91' lang='lat' dir='ltr'>Mezentio,</span> <span class='ocrx_word' id='word_1_209' title='bbox 583 3865 831 3948; x_wconf 86' lang='lat' dir='ltr'>Tyrrhenorum</span> <span class='ocrx_word' id='word_1_210' title='bbox 857 3886 943 3949; x_wconf 85' lang='lat' dir='ltr'>rege,</span> <span class='ocrx_word' id='word_1_211' title='bbox 969 3865 1098 3930; x_wconf 88' lang='lat' dir='ltr'>Aeneae</span> <span class='ocrx_word' id='word_1_212' title='bbox 1121 3866 1230 3947; x_wconf 90' lang='lat' dir='ltr'>copias</span> 
     </span>
     <span class='ocr_line' id='line_1_29' title="bbox 119 3990 1231 4076; baseline -0.001 -22"><span class='ocrx_word' id='word_1_213' title='bbox 119 3993 302 4076; x_wconf 85' lang='lat' dir='ltr'>profligant.</span> <span class='ocrx_word' id='word_1_214' title='bbox 320 3992 382 4055; x_wconf 90' lang='lat' dir='ltr'>Hic</span> <span class='ocrx_word' id='word_1_215' title='bbox 397 4011 560 4074; x_wconf 89' lang='lat' dir='ltr'>nusquam</span> <span class='ocrx_word' id='word_1_216' title='bbox 575 3992 760 4074; x_wconf 87' lang='lat' dir='ltr'>comparuit</span> <span class='ocrx_word' id='word_1_217' title='bbox 773 3998 806 4055; x_wconf 91' lang='lat' dir='ltr'>et</span> <span class='ocrx_word' id='word_1_218' title='bbox 819 3990 977 4055; x_wconf 89' lang='lat' dir='ltr'>Ascanius</span> <span class='ocrx_word' id='word_1_219' title='bbox 989 3990 1057 4074; x_wconf 87' lang='lat' dir='ltr'>ejus</span> <span class='ocrx_word' id='word_1_220' title='bbox 1069 4010 1231 4054; x_wconf 81' lang='lat' dir='ltr'>successor</span> 
     </span>
     <span class='ocr_line' id='line_1_30' title="bbox 118 4117 1229 4199; baseline -0.004 -18"><span class='ocrx_word' id='word_1_221' title='bbox 118 4119 282 4182; x_wconf 90' lang='lat' dir='ltr'>obsessum</span> <span class='ocrx_word' id='word_1_222' title='bbox 296 4118 473 4180; x_wconf 88' lang='lat' dir='ltr'>Lavinium</span> <span class='ocrx_word' id='word_1_223' title='bbox 488 4117 608 4181; x_wconf 87' lang='lat' dir='ltr'>liberat</span> <span class='ocrx_word' id='word_1_224' title='bbox 619 4117 882 4199; x_wconf 90' lang='lat' dir='ltr'>Mezentiumque</span> <span class='ocrx_word' id='word_1_225' title='bbox 897 4117 1009 4181; x_wconf 85' lang='lat' dir='ltr'>foedus</span> <span class='ocrx_word' id='word_1_226' title='bbox 1020 4117 1229 4198; x_wconf 83' lang='lat' dir='ltr'>faeerecugit.</span> 
     </span>
    </p>

    <p class='ocr_par' dir='ltr' id='par_1_8' title="bbox 119 4230 1231 4452">
     <span class='ocr_line' id='line_1_31' title="bbox 163 4230 1231 4325; baseline -0.004 -20"><span class='ocrx_word' id='word_1_227' title='bbox 163 4243 260 4325; x_wconf 91' lang='lat' dir='ltr'>Apud</span> <span class='ocrx_word' id='word_1_228' title='bbox 283 4230 417 4306; x_wconf 88' lang='lat' dir='ltr'>Livium</span> <span class='ocrx_word' id='word_1_229' title='bbox 441 4261 574 4306; x_wconf 89' lang='lat' dir='ltr'>oausam</span> <span class='ocrx_word' id='word_1_230' title='bbox 599 4241 678 4305; x_wconf 92' lang='lat' dir='ltr'>belli</span> <span class='ocrx_word' id='word_1_231' title='bbox 699 4243 874 4304; x_wconf 88' lang='lat' dir='ltr'>Laviniam</span> <span class='ocrx_word' id='word_1_232' title='bbox 894 4242 1094 4305; x_wconf 91' lang='lat' dir='ltr'>invenimus.</span> <span class='ocrx_word' id='word_1_233' title='bbox 1107 4240 1231 4305; x_wconf 81' lang='lat' dir='ltr'>Contra</span> 
     </span>
     <span class='ocr_line' id='line_1_32' title="bbox 119 4366 1230 4452; baseline 0 -23"><span class='ocrx_word' id='word_1_234' title='bbox 119 4368 272 4431; x_wconf 88' lang='lat' dir='ltr'>Latinum</span> <span class='ocrx_word' id='word_1_235' title='bbox 306 4367 520 4450; x_wconf 91' lang='lat' dir='ltr'>Aeneamque</span> <span class='ocrx_word' id='word_1_236' title='bbox 551 4366 685 4432; x_wconf 89' lang='lat' dir='ltr'>Turnus</span> <span class='ocrx_word' id='word_1_237' title='bbox 708 4373 843 4452; x_wconf 85' lang='lat' dir='ltr'>pugnat.</span> <span class='ocrx_word' id='word_1_238' title='bbox 868 4368 1006 4431; x_wconf 88' lang='lat' dir='ltr'>Latinus</span> <span class='ocrx_word' id='word_1_239' title='bbox 1028 4367 1151 4431; x_wconf 89' lang='lat' dir='ltr'>occisus</span> <span class='ocrx_word' id='word_1_240' title='bbox 1173 4370 1230 4429; x_wconf 89' lang='lat' dir='ltr'>est.</span> 
     </span>
    </p>
   </div>
   <div class='ocr_carea' id='block_1_5' title="bbox 0 0 1496 5040">
    <p class='ocr_par' dir='ltr' id='par_1_9' title="bbox 0 0 1496 5040">
     <span class='ocr_line' id='line_1_33' title="bbox 0 0 1496 5040; baseline 0 0"><span class='ocrx_word' id='word_1_241' title='bbox 0 0 1496 5040; x_wconf 95' lang='lat' dir='ltr'> </span> 
     </span>
    </p>
   </div>
  </div>
 </body>
</html>
