2956 5040
216 1339 350 1422 Scripsit
372 1335 536 1421 Vergilius
559 1335 642 1400 Aen.
657 1333 730 1416 VII,
747 1336 825 1400 706:
845 1337 957 1414 „Eoos
970 1338 1170 1407 Sabinorum
1181 1337 1284 1420 priseo

173 1466 212 1530 de
233 1465 394 1547 sangnine
418 1483 576 1546 magnum
600 1463 726 1546 Agmeu
746 1483 845 1546 agens
863 1461 1003 1527 Clausus
1026 1465 1206 1546 magnique
1217 1464 1284 1546 ipse

177 1593 320 1674 agminis
354 1592 468 1668 instar,
500 1588 643 1654 Claudia
665 1609 755 1654 nune
781 1609 802 1652 a
824 1609 889 1672 quo
911 1589 1106 1653 diffunditur
1129 1594 1163 1653 ot
1186 1590 1288 1654 tribus

176 1725 208 1783 et
239 1738 317 1802 gens
344 1718 406 1781 Par
428 1717 573 1794 Latium,
596 1721 770 1798 postquam
795 1717 830 1778 in
854 1722 982 1798 partem
1006 1715 1083 1778 data
1106 1715 1214 1778 Roma
1237 1712 1290 1776 Sa·

177 1843 294 1922 binis'’,
327 1847 359 1906 et
389 1841 469 1906 Aen.
499 1841 543 1919 X,
576 1843 656 1904 345:
688 1841 780 1920 „Hie
810 1841 961 1920 Curibus,
993 1841 1094 1904 fidens
1117 1841 1289 1923 primaevo

176 1987 318 2051 corpora,
342 1965 482 2031 Clausus
508 1942 679 2030 Advenit?

220 2094 259 2157 In
284 2095 334 2156 his
358 2093 466 2157 verbis
486 2092 602 2157 fabula
623 2094 758 2156 omuino
780 2058 958 2157 domestica
977 2089 1070 2157 uobis
1091 2097 1169 2156 ante
1182 2089 1291 2157 oculos

176 2217 342 2300 proposita
364 2216 512 2294 videtur;
535 2216 664 2279 nullam
691 2235 802 2280 rocem
828 2216 953 2280 Gracco
971 2221 1143 2280 sonantem
1163 2216 1292 2280 inveni-

181 2362 253 2405 mus
261 2369 270 2421 3
290 2341 408 2418 Roma,
431 2342 575 2421 Latium,
600 2361 678 2425 ager
701 2341 854 2420 Sabinus,
879 2341 1020 2407 Claudia
1043 2361 1131 2424 gens,
1154 2343 1294 2407 nomina

180 2470 260 2533 haec
294 2474 371 2532 sunt
404 2469 673 2552 conjunctissima
708 2468 963 2551 vernaculaque.
1000 2467 1157 2532 Attamen
1193 2488 1291 2532 nemo

178 2596 370 2679 scriptorum
394 2596 555 2673 omnium,
580 2614 622 2659 ue
645 2593 760 2660 Cicero
786 2594 930 2678 quidem,
952 2595 1007 2660 eui
1026 2596 1154 2677 saepius
1167 2597 1294 2661 occasio

180 2720 292 2784 oblata
327 2725 408 2798 erat,
443 2726 520 2784 ante
555 2717 736 2802 Vergilium
770 2721 810 2786 de
840 2722 901 2785 hae
931 2720 1077 2784 nominis
1108 2722 1295 2785 mutatione

181 2848 383 2911 mentionem
407 2847 494 2924 facit,
519 2850 555 2909 at
576 2852 648 2929 post
671 2847 771 2910 illum
791 2847 907 2910 nullus
926 2847 992 2910 fere
1011 2866 1122 2910 rernm
1143 2853 1296 2911 actarum

180 2974 318 3055 scriptor
342 2971 489 3036 fabulam
514 2974 647 3037 omittit.

224 3100 378 3182 Legimus
400 3100 488 3162 enim
512 3100 598 3183 apud
623 3097 758 3180 Dionys.
782 3098 854 3163 Lib.
880 3100 919 3177 V,
944 3101 1003 3162 40:
1025 3147 1045 3176 „
1054 3098 1125 3180 ἀνήρ
1144 3123 1190 3172 τις
1202 3101 1234 3164 ἐκ
1246 3105 1298 3166 τοῦ

182 3224 317 3302 Σοοβοόοον
352 3223 455 3298 ἔθνους,
491 3223 574 3289 πόλιν
608 3224 687 3289 οἰκῶν
722 3224 885 3302 Ῥήγιλλον,
919 3226 1039 3304 εὐγενὴς
1073 3225 1125 3290 nori
1159 3227 1299 3309 χρήμασι

181 3351 311 3423 invasoc,
346 3349 436 3422 Τίτος
467 3348 619 3423 Κλαύδιος,
651 3351 815 3428 αὐτομολεῖ
834 3352 902 3431 πρὸς
926 3352 1042 3426 αὐτοὺς,
1067 3352 1242 3431 συγγένειάν
1266 3380 1300 3420 τε

181 3476 318 3555 μεγάλην
340 3475 556 3556 ἐποιγόμενος”;
580 3478 666 3561 apud
687 3478 823 3541 Livium
845 3479 918 3543 Lib.
943 3479 985 3557 Π,
1009 3481 1060 3558 16,
1082 3482 1119 3543 3:
1141 3481 1299 3557 „Seditio

182 3606 271 3668 inter
306 3603 384 3668 belli
418 3605 572 3686 pacisque
602 3610 750 3668 auctores
773 3609 845 3667 orta
868 3606 903 3667 in
930 3606 1061 3670 Sabinis
1083 3606 1299 3688 aliquantum

182 3732 259 3794 inde
284 3731 408 3792 virium
434 3731 602 3794 transtulit
626 3731 668 3793 ad
686 3730 864 3810 Romanos,
884 3750 1028 3814 namque
1047 3732 1144 3796 Attus
1156 3730 1301 3797 Clausus

184 3857 237 3920 oui
261 3861 372 3939 postea
396 3853 500 3937 Appio
524 3854 665 3920 Claudio
688 3855 752 3918 fuit
770 3854 897 3919 Rornae
916 3874 1035 3922 nomen
1038 3903 1138 3933 .....
1151 3856 1298 3922 aricino

183 3981 322 4064 Regillo,
346 4001 466 4064 magna
494 3980 668 4045 clientium
691 3982 866 4045 comitatus
889 3999 1003 4058 manu,
1027 3979 1167 4045 Romam
1192 3985 1301 4046 trans-

184 4109 267 4189 fugit
268 4155 365 4185 .....
396 4106 521 4190 Appius
544 4108 631 4187 inter
654 4113 762 4190 patres
785 4108 891 4172 lectus
914 4108 1001 4171 haud
1022 4109 1071 4171 ita
1094 4108 1201 4172 multo
1226 4116 1300 4191 post

184 4236 219 4296 in
254 4235 440 4318 principum
474 4234 697 4316 dignationem
723 4233 893 4316 perrenit''
918 4239 950 4298 et
972 4234 1014 4312 X,
1040 4235 1077 4295 8:
1101 4233 1298 4311 „Sabinum

185 4361 358 4437 advenam,
385 4359 567 4442 principem
592 4358 757 4423 nobilitati
778 4364 980 4437 vestrae,seu
1001 4358 1118 4422 Attum
1132 4355 1298 4424 Clausum
