2956 5040
431 1543 959 1683 PRAEFATIO,

182 2205 276 2268 Inter
298 2205 396 2296 plura
419 2205 658 2268 dissertationis
681 2208 878 2286 argumenta
903 2224 922 2265 a
945 2208 1133 2285 promotore
1164 2224 1195 2267 v.
1221 2203 1259 2263 ol.

137 2331 303 2413 proposita
332 2331 504 2412 inquisitio
537 2331 571 2392 in
604 2331 740 2393 modum
773 2350 837 2411 quo
867 2330 1032 2411 Vergilius
1056 2330 1090 2391 in
1115 2328 1260 2391 Aeneide

139 2455 268 2518 fabulas
290 2456 485 2518 domesticas
511 2454 705 2518 tractaverit
730 2455 814 2516 mihi
839 2455 1024 2536 plurimum
1049 2455 1225 2518 arridebat.

184 2579 275 2662 Opus
294 2587 407 2645 autem
429 2600 577 2663 agressus
589 2600 661 2642 sum
677 2579 908 2643 difficultatum
923 2580 1020 2662 hujus
1033 2579 1156 2643 laboris
1168 2580 1262 2660 igna-

140 2725 195 2768 rus
221 2712 254 2768 et
276 2707 430 2787 profiteor
455 2725 507 2769 me
531 2725 596 2769 non
622 2705 730 2768 solum
754 2725 821 2768 non
847 2705 1051 2787 propositum
1077 2702 1258 2785 perfecisse,

139 2849 206 2893 non
227 2831 317 2893 enim
338 2849 452 2894 omnes
472 2829 526 2892 sed
547 2829 725 2892 nonnullas
738 2827 867 2892 fabulas
879 2829 1029 2905 tractavi,
1044 2829 1098 2891 sed
1113 2832 1260 2891 metuere

140 2955 241 3018 etiam
287 2975 328 3018 ne
363 2955 529 3037 graviores
565 2955 670 3018 fontes
703 2955 983 3036 praetermiserim
1022 2972 1107 3016 neve
1142 2952 1261 3015 vitiosa

142 3081 409 3144 testimoniorum
441 3079 624 3144 aestimatio
658 3101 710 3144 me
738 3082 773 3142 in
799 3100 906 3144 meros
932 3099 1057 3144 errores
1081 3079 1260 3141 induxerit.

141 3204 247 3286 Quem
280 3212 405 3270 metum
440 3226 561 3288 magna
592 3226 633 3269 ex
663 3211 757 3288 parte
789 3206 982 3269 discrimina
1012 3209 1143 3285 augent,
1177 3221 1262 3284 quae

140 3337 218 3394 sunt
251 3333 340 3395 inter
376 3352 465 3395 meas
499 3337 530 3396 et
564 3333 710 3396 virorum
751 3331 923 3395 doctorum
957 3332 1148 3405 sententias,
1180 3347 1263 3409 quae

142 3460 252 3520 tamen
282 3477 395 3519 rursus
425 3458 603 3539 quaerendi
628 3457 873 3539 indagandique
896 3474 1043 3519 amorem
1070 3454 1262 3518 stImulave·

140 3587 229 3644 runt.
254 3579 449 3664 Numquam
473 3587 583 3644 tamen
605 3600 767 3645 novarum
790 3601 902 3644 rerum
925 3580 1105 3662 eupiditate
1125 3579 1259 3662 perduo-

141 3712 195 3767 tus
226 3706 420 3769 discrimina
450 3707 660 3793 investigavi,
694 3726 779 3788 quae
813 3706 928 3769 tironis
952 3707 1104 3768 animum
1129 3702 1263 3786 gravius

141 3836 298 3911 premunt
321 3851 420 3912 quam
446 3837 483 3894 ut
506 3833 535 3895 ei
561 3833 689 3914 plaeere
710 3832 846 3913 possint,
868 3851 971 3914 quum
995 3836 1165 3912 praeterea
1180 3831 1262 3893 mihi

142 3955 234 4017 nefas
257 3961 338 4019 esset
362 3954 512 4019 oblivisci
539 3975 592 4019 me
616 3957 682 4021 fere
706 3956 831 4033 omnia,
852 3974 938 4038 quae
961 3956 1044 4017 mihi
1065 3957 1169 4018 fontes
1192 3955 1264 4017 fun·

141 4080 365 4162 damentaque
399 4081 533 4144 fuerunt
567 4102 613 4144 ex·
642 4083 790 4145 virorum
823 4081 1021 4163 plerumque
1055 4086 1262 4144 mortuorum

142 4203 235 4265 libris
266 4205 412 4268 hausisse
445 4225 564 4288 eosque
587 4207 691 4289 igitur
716 4208 798 4269 mihi
823 4208 1007 4270 studiorum
1031 4207 1130 4270 duues
1153 4206 1263 4269 fuisse.

188 4325 425 4392 Discriminum
459 4350 577 4395 causae
611 4334 758 4394 maxima
789 4352 829 4394 ex
854 4338 947 4414 parte
970 4351 987 4395 e
1011 4333 1149 4395 rationis
1173 4332 1263 4394 dissi-

1147 4441 1163 4491 t
