2956 5040
715 409 758 470 40

177 627 396 704 quaestorem,
420 620 561 696 libellus,
584 639 651 702 quo
671 619 868 694 continetur,
892 618 1042 682 Vitellios
1060 618 1187 697 Fauno,
1207 618 1297 682 Abo-

177 747 324 826 riginum
359 764 434 828 rege
469 751 558 808 ortos
588 752 657 809 toto
688 745 782 808 Latio
813 744 1024 827 imperitasse,
1056 742 1161 822 cett.'',
1184 763 1294 827 quum

175 871 255 934 haec
279 870 437 952 legamus,
463 889 641 933 monemur
663 888 705 932 ne
724 870 867 932 nimiam
888 869 1067 950 operamin
1082 869 1294 951 hancinqui·

174 997 330 1058 sitionem
358 995 576 1071 conferamus,
600 994 825 1076 discimusque
849 992 1073 1057 &manorum
1097 991 1230 1056 animos
1256 993 1291 1055 in

177 1123 227 1185 his
249 1121 346 1185 rebus
370 1140 429 1184 nec
452 1127 521 1183 tam
542 1121 690 1183 veritatis
709 1125 859 1182 amantes
879 1138 939 1182 nec
958 1125 1024 1181 tam
1044 1119 1188 1201 fingendi
1208 1120 1294 1182 artis

176 1255 325 1329 expertes
358 1247 457 1310 luisse
488 1266 590 1329 quam
623 1246 723 1328 vulgo
754 1245 971 1310 contenditur.
1005 1246 1067 1308 Sed
1088 1244 1215 1310 Calliae
1240 1246 1294 1309 Ti·

178 1374 329 1455 maeiqoe
358 1374 551 1438 testimonia
582 1392 640 1436 nos
672 1373 789 1436 docent
815 1372 1043 1454 migrationem
1068 1372 1292 1462 Trojanorum

177 1496 319 1558 Romam
355 1515 376 1559 a
409 1497 580 1561 nonnullis
610 1516 667 1579 pro
696 1516 731 1560 re
762 1503 851 1560 certa
873 1505 907 1560 et
929 1496 1114 1560 indubitata
1137 1497 1292 1561 habitam

177 1641 256 1685 esse.
291 1622 349 1684 His
378 1622 484 1683 initiis
507 1622 636 1685 traditis
659 1622 792 1686 uberior
814 1621 1032 1704 subtiliorque
1054 1623 1197 1705 fingendi
1222 1643 1295 1687 ma·

179 1748 264 1810 teria
286 1748 423 1830 posteris
446 1748 562 1811 relicta
585 1755 666 1812 erat.

223 1869 318 1936 Hanc
340 1873 510 1936 materiam
530 1874 565 1935 in
587 1873 698 1937 aliena
709 1879 796 1938 terra
807 1878 955 1956 paratam
969 1874 1157 1956 reperimus.
1170 1873 1294 1954 Roma,

179 2018 200 2061 a
231 1999 423 2080 Thucydide
455 2000 602 2063 nondum
630 2006 899 2077 commemorata,
922 2018 943 2062 a
965 1999 1196 2082 Theophrasto,
1220 2001 1293 2082 qui,

180 2124 233 2206 (cf.
264 2124 351 2187 Plin.
383 2124 469 2188 N.H.
495 2123 556 2202 ΙΙΙ,
589 2126 659 2209 ill:
690 2127 846 2208 „primus
876 2132 1083 2189 externorum
1114 2124 1228 2206 aliqua
1252 2126 1295 2190 de

180 2250 339 2313 murenis
361 2248 555 2332 diligentius
572 2249 730 2332 scripsit'',
742 2249 877 2314 Graecis
897 2255 1087 2327 monstrata,
1099 2249 1292 2314 accolarum

178 2371 280 2436 Maris
316 2373 443 2437 interni
474 2375 584 2439 oculos
616 2376 720 2458 magis
752 2376 920 2458 magisque
950 2375 1042 2437 inse
1068 2375 1293 2441 convertebat.

178 2499 253 2561 lam
290 2504 393 2562 totam
427 2498 559 2562 Italiam
592 2500 657 2563 sibi
687 2501 877 2584 subjecerat,
902 2498 1293 2583 Carthaginiensiumque

178 2621 312 2687 classem
337 2623 379 2686 ad
403 2623 509 2704 Mylas
528 2630 562 2687 et
581 2625 768 2689 Ecnomum
787 2626 1020 2707 profligaverat,
1035 2621 1294 2706 Carthaginique

178 2751 241 2831 ipsi
272 2750 399 2814 Tunete
426 2757 521 2833 capta
550 2758 706 2815 terrorem
728 2752 895 2816 intulerat.
922 2752 1047 2814 Harum
1073 2751 1293 2815 victoriarum

177 2879 267 2938 fama
290 2884 327 2938 ut
350 2874 610 2954 Alexiandriam,
631 2877 739 2940 sedem
761 2876 856 2939 illam
878 2877 1073 2954 litterarum,
1090 2877 1241 2959 pervenit
1254 2879 1293 2940 iu

177 3020 235 3062 suo
254 3001 401 3063 carmine
420 3001 625 3082 Lycophron,
648 3002 839 3083 opinionem
865 3001 904 3064 de
925 3001 1141 3084 Trojanorunr
1163 3001 1205 3063 ad
1224 3001 1294 3064 lta-

178 3126 258 3188 liam
281 3127 420 3208 appulsu
443 3146 462 3187 a
486 3124 593 3189 Gallia
617 3127 819 3210 'limamque
840 3127 1010 3210 vulgatam
1032 3131 1171 3205 secutus,
1193 3146 1293 3190 suam

177 3249 400 3312 Alexandrum
415 3250 478 3312 lata
490 3250 734 3314 Priamidarum
747 3258 929 3329 canentem,
943 3251 1043 3314 verba
1056 3252 1291 3316 memorabilia

178 3376 217 3438 de
240 3378 476 3458 consanguinei
499 3375 574 3439 fatis
594 3379 829 3441 vaticinantem
851 3379 939 3454 lacit,
952 3381 1086 3462 ejusque
1105 3379 1292 3442 adventum

178 3521 254 3563 cum
275 3502 393 3564 sabulis
412 3503 537 3583 graecis
556 3503 598 3566 ad
616 3503 748 3565 Italiam
769 3505 1010 3585 pertinentibus
1023 3505 1191 3588 conjungit
1206 3506 1291 3567 vati·

178 3628 337 3708 ciniisque
360 3634 465 3689 ornat.

222 3753 338 3816 Postea
358 3753 480 3815 Fabius
500 3753 620 3831 Pictor,
640 3753 774 3819 Cincius
793 3756 982 3818 Alimentus
1001 3756 1127 3838 aliique
1145 3755 1291 3820 Annales

177 3878 334 3955 scribunt,
359 3884 392 3940 et
414 3897 618 3960 quamquam
643 3899 695 3943 eos
715 3880 754 3944 de
774 3881 905 3944 Aeneae
925 3881 1068 3944 adventu
1082 3882 1287 3946 mentionem

175 4001 287 4065 secisse
309 4002 469 4083 conjicere
493 4000 576 4079 licet,
600 4004 635 4066 in
660 4023 775 4067 eorum
796 4024 928 4086 operum
951 4006 1142 4088 fragmentis
1156 4007 1289 4070 Aeneae

175 4144 297 4188 nomen
338 4145 404 4189 nou
445 4128 648 4192 invenimus.
690 4129 833 4194 Naevius
868 4137 992 4208 autem,
1027 4133 1084 4212 qui
1120 4134 1286 4197 nobilium

176 4257 207 4313 et
231 4252 406 4332 praecipue
429 4252 635 4316 Metellorum
656 4255 797 4318 factione
816 4255 924 4318 Roma
936 4257 1047 4339 pulsus
1060 4258 1176 4321 Uticae
1188 4258 1285 4341 degit,

176 4376 340 4438 Punicum
368 4377 491 4440 bellum
516 4379 640 4456 scribit,
665 4380 698 4441 iu
723 4399 788 4462 quo
812 4383 961 4444 carmine
983 4383 1128 4465 primunr
1153 4383 1284 4448 Aeneae
