2956 5040
777 662 845 736 XI.

700 884 919 956 clausus.

295 1345 429 1428 Scripsit
452 1341 616 1426 Vergilius
639 1342 721 1406 Aen.
737 1339 809 1422 VII,
827 1342 905 1406 706:
924 1344 1036 1421 „Ecce
1049 1344 1249 1412 Sabinorum
1260 1343 1361 1425 prisco

252 1473 291 1536 de
312 1471 473 1554 sanguine
498 1489 656 1552 magnum
679 1469 806 1551 Agmen
826 1488 925 1553 agens
943 1467 1082 1532 Clausus
1105 1470 1285 1552 magnique
1296 1470 1362 1551 ipse

256 1599 399 1681 agminis
433 1598 547 1674 instar,
579 1594 721 1659 Claudia
745 1615 835 1659 nunc
861 1615 881 1658 a
904 1615 968 1677 quo
991 1596 1184 1659 diffunditur
1208 1599 1241 1659 et
1264 1596 1366 1659 tribus

255 1732 287 1789 et
318 1744 396 1808 gens
423 1725 485 1787 Per
508 1723 653 1801 Latium,
676 1727 850 1804 postquam
875 1723 910 1784 in
933 1727 1061 1804 partem
1085 1722 1161 1786 data
1185 1721 1293 1784 Roma
1315 1717 1367 1782 Ss-

256 1849 374 1928 binis'',
406 1854 438 1913 ct
469 1848 548 1913 Aen.
579 1848 622 1925 X,
655 1847 735 1910 345:
768 1848 859 1925 „Hic
889 1847 1041 1925 Curibus,
1072 1847 1173 1910 fidens
1195 1847 1366 1929 primaevo

255 1993 397 2057 corpore,
421 1972 561 2037 Clausus
588 1947 758 2036 Advenit?

300 2101 338 2164 In
363 2101 413 2163 his
437 2100 545 2163 vcrbis
566 2099 681 2163 fabula
702 2100 837 2162 omnino
860 2064 1037 2162 domestica
1057 2095 1150 2162 nobis
1169 2095 1369 2162 anteoculos

255 2223 420 2306 proposita
443 2222 574 2286 videtur
582 2249 591 2300 ς
614 2223 743 2285 nullam
770 2242 880 2286 vocem
907 2221 1031 2286 Graece
1050 2227 1221 2286 sonantem
1241 2223 1369 2286 inveni·

260 2368 349 2426 mus;
369 2348 486 2425 Roma,
511 2348 655 2427 Latium,
679 2367 757 2431 ager
780 2348 934 2426 Sabinus,
958 2347 1099 2412 Claudia
1122 2367 1210 2430 gens,
1234 2350 1371 2413 nomina

259 2476 338 2540 haee
372 2480 450 2538 sunt
483 2475 751 2557 conjunctissima
788 2474 1041 2556 vernaculaque.
1079 2471 1235 2538 Attamen
1272 2493 1368 2538 nemo

257 2602 449 2684 scriptorum
473 2602 634 2681 omnium,
658 2621 702 2664 ue
725 2600 839 2665 Cicero
864 2601 1009 2684 quidem,
1031 2602 1086 2666 oui
1104 2602 1233 2684 saepius
1245 2603 1371 2667 ocomio

258 2726 371 2790 oblata
406 2731 486 2804 erat,
521 2732 599 2790 ante
634 2723 814 2808 Vergilium
849 2727 889 2791 de
919 2728 980 2790 hac
1010 2727 1156 2790 nominis
1186 2728 1372 2791 mutatione

260 2854 460 2917 mentionem
486 2853 573 2931 facit,
597 2856 633 2915 at
655 2859 727 2936 post
750 2852 849 2916 illurn
870 2853 985 2916 nullus
1005 2852 1071 2916 fere
1090 2871 1200 2916 rerum
1221 2859 1372 2917 actarum

258 2980 396 3061 scriptor
421 2978 568 3043 tabulam
593 2981 726 3043 omittit.

303 3106 456 3188 Legimus
479 3107 567 3169 cuim
591 3107 676 3189 apud
702 3103 837 3187 Dionys.
861 3104 932 3168 Lib.
958 3106 998 3182 V,
1022 3107 1081 3168 40:
1103 3104 1202 3186 »ἁνήρ
1222 3107 1374 3178 τνςέκτοῦ

261 3229 395 3308 Σαβίνων
431 3228 533 3305 ἔθνους,
570 3229 652 3295 πόλιν
687 3229 766 3294 οἰκῶν
801 3230 963 3308 Ῥήγιλλον,
997 3231 1117 3309 εὐγενὴς
1151 3230 1203 3296 καὶ
1237 3232 1375 3315 χρήμασι

260 3357 390 3430 δυνατὸς,
425 3355 514 3428 Τίτος
546 3355 698 3430 Κλαύδιος,
730 3357 894 3433 αὐτομολεῖ
913 3357 981 3437 πρὸς
1004 3358 1120 3432 αὐτοὺς,
1145 3357 1320 3437 οννγὲνεαὶν
1343 3385 1376 3426 τε

259 3481 396 3561 μεγάλαν
419 3481 635 3562 ἐπαγόμενος”;
658 3485 744 3567 apud
766 3484 901 3546 Livium
924 3485 996 3549 Lib.
1020 3484 1063 3562 ΙΙ,
1087 3486 1138 3563 16,
1160 3487 1197 3549 3:
1219 3534 1238 3564 ,,
1250 3488 1375 3554 seditio

261 3611 349 3674 inter
384 3610 462 3674 belli
496 3611 650 3692 pacisque
680 3615 828 3674 auctores
852 3616 923 3674 orta
946 3611 981 3672 in
1008 3611 1139 3674 Sabinis
1161 3611 1376 3693 aliquantum

262 3737 338 3799 iude
362 3737 487 3798 virium
512 3736 680 3800 transtulit
704 3736 745 3799 ad
765 3736 942 3815 Romanos,
962 3756 1106 3820 namque
1126 3738 1222 3801 Attus
1235 3737 1377 3803 Clausus

263 3862 316 3924 cui
339 3867 450 3942 postca
474 3859 578 3943 Appio
602 3859 743 3924 Claudio
767 3861 831 3924 fuit
849 3860 975 3925 Romae
994 3880 1113 3925 nomen
1116 3909 1216 3939 .....
1229 3861 1373 3927 aricino

262 3986 400 4069 Regillo,
425 4005 544 4068 magna
572 3986 745 4050 clientium
769 3987 944 4050 comitatus
967 4006 1081 4064 manu,
1104 3985 1244 4050 Romam
1270 3991 1376 4051 trans-

262 4114 345 4194 fugit
346 4159 443 4189 .....
474 4112 599 4194 Appius
622 4113 709 4191 inter
733 4118 840 4194 patres
863 4114 969 4178 lectus
992 4113 1079 4177 haud
1100 4114 1148 4176 ita
1172 4113 1280 4178 multo
1303 4120 1375 4197 post

262 4241 297 4300 in
332 4240 519 4321 principum
553 4238 776 4321 dignationem
801 4239 971 4321 pervcnit'’
996 4245 1028 4304 et
1050 4240 1092 4319 X,
1118 4241 1155 4302 8:
1179 4240 1372 4316 „Sabinum

263 4364 436 4441 advenam,
464 4364 644 4446 principem
670 4364 835 4427 nobilitati
856 4371 1058 4442 vestrae,seu
1079 4364 1196 4427 Attum
1211 4361 1371 4428 Clausum
