2956 5040
714 434 753 495 99

175 651 246 710 erat
267 647 319 730 (cf.
343 645 416 709 hir.
440 643 565 722 XXVI,
593 645 651 707 ll:
676 641 780 720 „inde
805 645 845 708 ad
869 644 982 708 lucum
1006 645 1165 710 Feroniae
1184 648 1291 730 pergit

175 772 233 850 ire,
268 770 427 856 templum
465 792 503 836 ea
535 775 728 854 tempestate
759 771 925 835 inclutum
948 772 1082 850 divitiis,
1107 772 1289 856 Capenates

176 896 296 981 aliique
330 898 459 962 accolae
493 899 562 980 ejus
598 896 724 973 erant”,
756 901 788 961 et
821 898 917 961 Dion.
944 897 1002 976 III,
1028 898 1084 961 32:
1110 898 1205 978 „lepis
1229 899 1290 962 ἐστι

175 1030 250 1104 κανῇ
286 1022 447 1100 τιμώμενον
482 1023 537 1087 ὑπὸ
572 1021 706 1099 Σαβίνων
741 1045 774 1085 τε
808 1019 859 1086 καί
895 1021 1037 1096 Λατίνων,
1070 1021 1151 1102 ripun
1183 1025 1211 1087 ἐν
1233 1032 1290 1096 τοῖς

176 1147 262 1222 πίνω,
293 1149 359 1221 trois
391 1147 545 1223 Φερωνείας
577 1146 824 1232 ίνωμαζομέννς”)
849 1155 906 1212 aut
929 1150 1007 1227 Dea,
1032 1151 1122 1214 culta
1145 1151 1187 1214 ad
1210 1149 1290 1213 radi-

177 1293 228 1338 ces
259 1276 381 1338 montis
412 1275 562 1352 Soractis,
587 1280 645 1337 aut
669 1273 825 1358 Nympha
849 1275 898 1356 (cf.
923 1273 1006 1339 Acro
1029 1276 1064 1337 in
1088 1275 1198 1339 Horat.
1224 1277 1289 1339 Sat.

177 1398 203 1480 I,
229 1406 258 1480 5,
284 1402 347 1464 at:
371 1400 532 1477 „Fanum
556 1400 715 1464 Feroniae
738 1405 785 1464 est
808 1400 843 1462 in
869 1401 966 1464 tertio
988 1400 1291 1465 miliarioaTerra·

177 1526 282 1605 cina'’‚
307 1532 339 1591 et
362 1524 449 1590 Plin.
473 1522 557 1590 ΝΗ.
582 1524 625 1603 ΙΙ,
651 1526 732 1589 lto:
754 1523 824 1603 „In
849 1525 947 1589 ltalia
970 1527 1057 1590 iuter
1077 1526 1289 1591 Terracinam

178 1658 210 1716 et
237 1653 351 1716 aedem
376 1651 567 1731 Feroniae”‚
592 1659 624 1716 et
647 1653 738 1716 Seru
763 1650 853 1730 VIII,
879 1653 961 1716 564:
984 1653 1172 1737 „Nympha
1194 1651 1291 1717 Gam-

180 1780 316 1861 paniae;
351 1779 430 1843 haec
463 1780 562 1843 etiam
598 1779 795 1843 libertorum
826 1779 886 1843 dea
917 1785 963 1843 est
995 1781 1031 1842 in
1055 1782 1146 1863 cujus
1170 1780 1292 1863 templo

178 1923 250 1968 raso
273 1904 379 1987 capite
401 1905 527 1987 pileum
551 1903 798 1988 accipiebaut'’).

222 2027 270 2093 De
302 2027 442 2094 Gaeoulo
475 2035 508 2095 et
536 2032 576 2095 de
599 2031 775 2095 Praeneste
799 2037 909 2095 tamen
934 2031 1138 2114 antiquiores
1160 2030 1290 2094 fabulae

179 2156 502 2221 circumferebantur.
525 2156 680 2240 Legimus
705 2123 742 2218 in
766 2156 873 2221 Schol.
898 2156 1018 2221 Veron.
1039 2157 1080 2219 ad
1101 2151 1195 2239 Verg.
1209 2154 1290 2220 Aen.
1330 2192 1337 2207 ·

179 2281 251 2359 VII,
273 2281 354 2344 681:
377 2281 487 2359 „Oato
511 2283 557 2345 ait
582 2280 764 2346 Caeculum
785 2283 930 2364 virgines
950 2301 1070 2364 aquam
1091 2285 1237 2363 petentes
1256 2279 1290 2342 in

177 2404 244 2472 foco
272 2408 438 2471 iuvenisse
468 2408 606 2490 ideoque
638 2408 782 2472 Vulcani
813 2407 933 2491 [filium
966 2427 1043 2471 eum
1072 2407 1291 2490 ex]istimasse

176 2538 209 2598 et
233 2533 320 2616 quod
343 2533 454 2597 oculos
477 2534 613 2618 exiguos
637 2534 780 2612 haberet,
802 2532 982 2598 Caeculum
1001 2534 1215 2616 appellatum,
1238 2533 1292 2596 hie

178 2660 369 2724 collecticiis
406 2661 592 2743 pastoribus
627 2661 742 2725 urbem
777 2661 952 2724 Praeneste
986 2658 1168 2737 fundavit''‚
1203 2658 1291 2741 apud

177 2785 271 2850 Serv.
302 2783 384 2850 Aen.
416 2782 491 2864 VII,
516 2786 595 2848 682:
615 2785 726 2863 „Cato
749 2786 837 2864 dicit,
861 2786 941 2868 quia
961 2785 988 2848 is
1011 2783 1101 2848 loeus
1125 2784 1292 2848 montibus

175 2917 330 2996 praestet,
351 2913 526 2976 Praeneste
546 2913 665 2995 oppido
685 2931 807 2976 nomeu
820 2912 929 2976 dedit'’
954 2917 986 2977 et
1000 2910 1079 2974 678:
1093 2960 1112 2987 ‚‚
1123 2911 1174 2974 lbi
1187 2911 1293 2995 (Prae-

177 3039 281 3120 neste)
304 3044 398 3102 erant
420 3035 594 3102 Pontifices
618 3045 649 3102 et
673 3039 719 3102 dii
742 3038 907 3122 Indigetes
930 3039 1014 3102 siout
1033 3039 1135 3102 etiam
1155 3037 1292 3101 Rornae.

177 3164 286 3226 Erant
316 3147 416 3227 etiam
449 3164 514 3227 duo
545 3162 671 3240 fratres,
697 3165 756 3246 qui
780 3163 851 3227 divi
874 3164 1138 3246 appellabantur.
1162 3163 1291 3227 Horum

180 3311 271 3356 soror
294 3291 371 3355 dum
397 3293 438 3355 ad
457 3292 564 3356 focum
584 3292 718 3368 sederet,
739 3291 901 3354 dissiliens
921 3290 1067 3354 scintilla
1079 3292 1150 3372 ejus
1162 3294 1292 3352 uterum

180 3417 348 3499 percussit,
376 3407 473 3481 'unde
508 3414 628 3480 dicitur
657 3417 852 3499 concepisse.
886 3417 1002 3480 Postea
1032 3415 1130 3479 enixa
1153 3434 1290 3496 puerum

178 3544 274 3624 juxta
298 3543 460 3626 templum
485 3543 577 3607 Jovis
597 3543 727 3625 abjecit,
739 3561 839 3625 quem
853 3540 993 3625 virgines
1006 3547 1165 3624 aquatum
1179 3544 1294 3604 euntes

177 3669 273 3750 juxta
296 3668 408 3750 ignem
431 3667 607 3731 inventum
632 3667 845 3743 sustulerunt,
870 3667 928 3750 qui
952 3667 1080 3730 alonte
1099 3648 1311 3748 haudlonge¹

184 3801 262 3858 erat.
293 3794 356 3857 Hic
380 3799 490 3876 postea
513 3793 649 3857 collecta
673 3792 897 3871 multitudine,
921 3799 1092 3876 postquam
1116 3792 1172 3855 diu
1196 3792 1293 3855 latro-

183 3921 309 3983 cinatus
339 3925 396 3997 est,
421 3919 671 3983 Praenestinam
695 3919 863 3982 civitatem
888 3919 923 3980 in
949 3918 1115 3982 montibus
1138 3916 1292 3981 condidit.

184 4044 225 4107 Et
259 4065 333 4109 oum
370 4045 410 4107 ad
445 4044 538 4108 ludos
573 4045 699 4108 vicinos
734 4045 868 4130 populos
896 4047 1079 4124 invitasset,
1110 4045 1216 4127 coepit
1240 4064 1294 4109 eos

184 4170 317 4248 hortari,
343 4177 380 4234 ut
403 4190 513 4235 secum
538 4172 727 4235 habitarent
751 4178 782 4235 et
806 4191 862 4255 pro
882 4171 988 4254 gloria
1005 4174 1128 4255 jactare
1140 4191 1173 4234 se
1186 4172 1295 4234 filium

185 4315 248 4361 esse
283 4294 433 4360 Vulcani.
470 4295 565 4377 Quod
599 4317 705 4380 quum
738 4297 788 4359 illi
826 4318 892 4362 non
928 4298 1104 4374 crederent,
1140 4299 1294 4362 invocato

185 4422 342 4500 Vulcano,
376 4428 413 4486 ut
446 4442 523 4489 eum
554 4422 659 4485 filium
693 4442 789 4485 suum
822 4423 1050 4506 comprobaret
1075 4423 1182 4486 omnis
1206 4423 1296 4486 illius
