2956 5040
772 425 813 487 98

236 634 342 697 omnis
364 651 464 715 quem
487 632 624 697 credidit
642 638 741 710 aetas,
762 629 952 711 ancnlus’'‚
972 634 1013 711 X,
1027 633 1141 710 5432„
1151 632 1342 696 Instaurant

235 759 320 822 acies
343 758 481 823 Volcani
506 760 605 842 stirpe
628 765 756 823 creatus
780 756 941 823 Caeculus
962 765 993 823 et
1012 760 1147 823 veniens
1159 759 1341 822 Marsorum

235 885 402 949 monthns
436 883 592 962 Umbro”,
629 892 660 949 et
695 885 784 954 VIII.
818 886 899 948 558:
930 885 1037 963 „Tum
1071 890 1163 967 pater
1192 885 1346 948 Evander

234 1009 383 1072 dextram
407 1009 596 1092 complexus
619 1010 728 1073 euntis
750 1010 881 1088 Haeret,
906 1009 1094 1092 inexpletus
1118 1008 1295 1072 lacrimans
1308 1027 1344 1072 ac

235 1135 315 1198 talia
342 1134 444 1199 fatur:
470 1132 515 1200 Ol
540 1135 621 1198 mihi
644 1136 837 1218 praeteritos
858 1136 977 1201 referat
1000 1136 1027 1198 si
1050 1132 1200 1218 Iuppiter
1225 1133 1344 1197 annos!

235 1258 351 1341 Qualis
385 1281 485 1341 eram,
520 1281 623 1345 quum
659 1263 800 1346 primam
836 1262 941 1326 aciem
977 1262 1151 1325 Praeneste
1181 1261 1243 1325 sub
1276 1261 1345 1342 ipsa
1451 1300 1455 1311 ι

235 1387 344 1450 Stravi
376 1392 610 1470 scutorumque
631 1387 760 1452 incendi
789 1388 893 1452 victor
916 1406 1057 1466 acervos,
1083 1386 1126 1449 Et
1149 1405 1261 1468 regem
1286 1386 1345 1449 hac
1440 1402 1462 1438 ··

235 1513 364 1576 Erilum
389 1514 502 1578 dextra
526 1514 586 1578 sub
610 1514 748 1578 Tartara
774 1515 859 1592 misi,
884 1511 1039 1578 Nascenti
1062 1513 1116 1575 cui
1135 1516 1199 1576 tres
1218 1511 1345 1574 animos

234 1641 374 1704 Feronia
398 1646 565 1705 mater-
590 1637 798 1704 Horrendum
822 1639 925 1703 dictu!
951 1675 993 1685 —
1018 1636 1183 1702 dederat.”

280 1764 368 1830 Duas
390 1766 523 1830 fabulas·
539 1767 640 1849 igitur
663 1769 758 1848 potita
782 1768 1029 1829 commemorat.
1052 1763 1129 1828 Una
1149 1763 1189 1827 de
1202 1761 1345 1824 Evandri
1443 1753 1466 1766 “

235 1893 321 1957 bello
351 1898 465 1957 contra
497 1893 638 1970 Erilum,
671 1893 775 1955 altera
804 1891 843 1955 de
865 1890 1005 1956 Caeculo
1027 1890 1212 1954 Praenestis
1234 1888 1347 1952 funda·

237 2024 315 2086 tore.
339 2020 387 2083 De
409 2019 500 2082 Erilo
526 2022 638 2082 autem
663 2037 761 2082 nemo
781 2018 974 2101 scrIptcrum
995 2016 1197 2080 mentionem
1216 2014 1296 2079 fecit
1314 2020 1346 2078 ct
1433 2023 1461 2032 ‘

234 2145 376 2210 libenter
405 2145 559 2210 Servium
588 2164 705 2227 sequor
727 2145 898 2208 docentem
924 2142 1005 2206 Aen.
1028 2142 1117 2219 VIII,
1143 2142 1224 2204 564:
1247 2139 1345 2218 „Hoc
1436 2152 1457 2187 ³

235 2276 347 2335 autem
370 2271 441 2335 loco
465 2290 523 2353 per
546 2274 611 2334 tres
634 2271 762 2333 animas
785 2271 942 2352 magnum
966 2273 999 2333 et
1020 2268 1199 2350 perfectum
1226 2265 1345 2349 (Verg.)
1448 2276 1454 2295 ⁴

235 2397 361 2462 indicat
395 2399 517 2461 virum.
552 2397 637 2460 Nam
673 2402 837 2480 quantum
868 2396 910 2459 ad
941 2394 1086 2459 fabulam
1118 2393 1260 2477 pertinet
1282 2396 1345 2456 tres

236 2523 365 2586 animas
394 2526 527 2605 propter
557 2522 620 2585 tria
652 2522 768 2586 habuit
797 2540 942 2603 corpora.
967 2519 1146 2583 Attendum
1172 2536 1261 2596 sane,
1287 2517 1346 2580 boo
1454 2537 1462 2551 ·

235 2649 298 2713 sibi
327 2649 518 2712 Evandrum
552 2648 728 2725 vindicare,
759 2648 845 2730 qnod
877 2647 942 2710 fuit
964 2646 999 2708 in
1023 2642 1172 2709 Hercule.
1197 2643 1285 2707 Nam
1310 2646 1346 2707 nt
1458 2639 1466 2646 ’

234 2773 292 2836 ille
314 2773 500 2854 Geryonem
520 2774 671 2851 extInxit,
690 2773 740 2836 ita
760 2773 812 2837 hic
832 2771 980 2835 Herilem
1001 2766 1150 2835 occidit.'’
1163 2770 1227 2834 Sed
1239 2788 1346 2852 quum

235 2900 321 2964 idem
352 2905 465 2964 narrat
489 2901 569 2962 562:
595 2899 816 2976 „Evandrum
840 2899 876 2961 in
900 2898 1031 2961 Italiam
1057 2897 1259 2973 venientem,
1283 2895 1346 2960 He·

235 3027 320 3091 rilus‘
338 3047 396 3090 rex
419 3026 649 3090 Praenestinus
672 3025 799 3088 auxilio
819 3043 951 3088 suorum
973 3023 1098 3087 civium
1120 3020 1227 3086 voluit
1239 3019 1349 3102 expel-

236 3151 312 3230 lere,
335 3172 415 3234 quos
442 3152 521 3215 vicit
543 3151 697 3214 Evander
719 3155 751 3214 et
774 3149 924 3212 Herilum
949 3147 1116 3213 interfecit
1139 3151 1172 3210 et
1193 3145 1349 3210 interiec-

236 3280 344 3340 lorum
365 3276 495 3359 clypeos
509 3272 717 3351 combussit”,
732 3273 826 3339 facile
839 3279 886 3338 est
898 3274 1066 3338 intellectu
1082 3291 1158 3336 eum
1172 3270 1348 3334 historiam

235 3422 252 3466 e
284 3403 393 3467 verbis
417 3407 532 3486 poetae
555 3402 696 3466 linxisse.
721 3400 806 3464 Nam
831 3399 858 3463 si
881 3398 1049 3482 Vergilius
1074 3395 1225 3461 Herilum
1250 3397 1351 3460 Prac-

235 3528 334 3591 nestis
374 3547 485 3610 regem
526 3532 679 3605 vocasset,
714 3527 801 3590 inter
835 3546 868 3590 se
902 3524 1120 3610 repugnantia
1156 3522 1349 3605 scripsisset.

235 3651 395 3717 Caeculus
424 3655 455 3717 ei
486 3655 642 3718 fundator
665 3659 712 3717 est
737 3653 844 3730 urbis;
870 3650 1040 3727 Caeculus,
1065 3669 1163 3732 quem
1189 3649 1352 3714 Evander

234 3798 334 3842 senex
364 3786 478 3843 contra
509 3779 655 3843 Aeneam
685 3778 833 3842 incedere
865 3778 963 3855 videt,
987 3794 1190 3860 quamquam
1212 3775 1352 3856 juvenis

230 3907 300 3988 jam
331 3906 434 3968 alium
465 3906 650 3970 PraenesIIs
681 3924 789 3988 rogem
821 3924 896 3968 cum
924 3902 1086 3967 militibus
1109 3901 1351 3983 prostravisset.

234 4029 322 4095 Haec
356 4033 561 4096 dissentiunt.
593 4033 651 4095 Est
674 4035 785 4094 tamen
810 4029 1091 4107 commentatoris,
1118 4046 1185 4092 non
1208 4023 1350 4112 Vergilii

234 4159 400 4237 mendum,
434 4161 490 4242 qui
526 4158 677 4223 Herilum
712 4176 819 4240 regern
850 4156 930 4219 dicit
961 4155 1102 4219 aliorum
1135 4153 1350 4237 populorum,

234 4286 291 4366 qui
314 4285 475 4349 occiderat
497 4305 534 4349 eo
556 4284 637 4360 loco,
661 4283 719 4347 ubi
736 4288 848 4365 postea
869 4279 1029 4344 Caeculus
1053 4280 1170 4344 urbem
1183 4280 1333 4344 condidit
1340 4305 1351 4360 ;

234 4412 318 4492 quod
349 4416 445 4494 poeta
468 4411 498 4474 ei
522 4409 696 4474 Feroniam
722 4413 860 4471 matrem
885 4405 1081 4489 assignando
1104 4405 1238 4485 indicat,
1262 4424 1349 4489 quaa
