2956 5040
140 113 250 180 classis
285 113 432 176 Evandri
467 112 637 176 conditum
673 117 731 188 est,
767 112 851 174 sicut
882 111 1028 173 Sextius:
1059 111 1102 173 ab
1137 110 1258 192 Argivo

137 243 334 324 juventute;
358 237 501 301 Catillus
523 238 623 314 anim,
648 236 840 318 Amphiarai
861 235 1257 318 filiuspcstprcdigialcm

144 366 246 446 patris
276 364 363 446 apud
394 363 524 426 Thebas
558 362 743 438 interitum,
769 358 855 425 Oilei
879 361 933 422 avi
953 363 1043 443 jussu
1069 359 1260 423 cumomni
1352 358 1354 363 ’

143 490 212 552 letu
245 508 303 553 ver
332 494 463 552 sacru'm
500 489 627 562 missus,
654 493 718 550 tres
746 486 867 550 liberos
889 486 923 547 in
948 484 1047 547 Italia
1068 485 1260 567 procreavit,

143 613 338 697 Tiburtum,
362 611 494 689 Caram,
515 612 689 687 Catillum,
711 611 769 692 qui
790 610 933 692 depulsis
945 628 986 672 ex
999 609 1117 690 oppido
1132 607 1265 671 Siciliae

143 739 308 802 veteribus
342 738 472 801 Sicanis
506 756 526 798 a
558 737 694 800 nomine
725 735 857 798 Tiburti
882 735 991 797 fratris
1015 739 1100 797 natu
1128 731 1267 797 maximi

144 863 261 926 urbem
294 861 529 926 vocaverunt”.
563 859 740 941 Dionysius
768 865 884 922 narrat
906 859 931 936 Ι,
958 860 1014 921 16:
1039 858 1107 936 „cir
1130 856 1158 921 δ’
1182 851 1267 930 ainai

145 979 218 1050 οὗτοι
242 983 475 1070 (κιιίιερωίέννες
498 984 552 1048 ὑπὸ
572 987 628 1046 τῶν
648 981 856 1068 Ἀβοριγίνων)
876 980 986 1062 χοιρίον
1005 984 1086 1044 τινῶν
1106 986 1161 1054 τῆς
1179 995 1266 1044 πολε-

145 1107 218 1187 μίοις
248 1107 420 1189 έκριίνκσιιν,
452 1111 485 1173 έκ
515 1113 566 1173 τοῦ
597 1106 821 1188 ἀσφαλεστέρου
852 1094 910 1180 ἤδει
933 1105 983 1170 κιιί
1006 1106 1030 1170 οί
1053 1104 1146 1170 λοιποί
1172 1103 1264 1182 Ἀβο-

145 1239 260 1314 ριγῖνες,
292 1234 315 1298 οί
345 1232 471 1311 δεόμενοι
504 1242 571 1311 γῆς,
595 1240 649 1306 τῆς
672 1231 753 1297 κοντοὶ
774 1234 858 1313 σφίις
880 1228 996 1295 έκιιστοι
1018 1229 1184 1311 ἐπεχείρουν
1205 1235 1266 1300 τοῖς

146 1356 265 1438 ίμίροις·
287 1357 339 1422 nui
362 1358 461 1431 πόλεις
485 1357 603 1423 έκνιοοιν
626 1356 725 1430 ἄλλοις
748 1355 781 1421 τέ
805 1379 894 1429 τινοις,
918 1354 970 1421 uui
992 1354 1048 1428 τὰς
1071 1353 1162 1434 μέχρι
1184 1352 1267 1419 τοῦδε

148 1480 325 1559 οἰκουμένας,
357 1481 568 1561 Ἀντεμνάτας
597 1506 630 1546 τε
661 1480 714 1546 uui
739 1488 910 1555 Τελληνεῖς,
934 1478 986 1544 aci
1012 1476 1181 1551 Φικολνέους
1203 1476 1268 1548 τοὺς

146 1605 215 1684 πρὸς
238 1611 300 1677 τοῖς
323 1605 512 1684 κοινουμένους
537 1607 697 1687 Κορνίκλοις
721 1605 802 1688 ὄρεσι,
825 1605 877 1670 κιιί
900 1605 1114 1687 Τιβουρτινους,
1137 1604 1207 1685 παρ’
1228 1597 1266 1676 οἷς

147 1727 190 1794 ἔτι
212 1728 263 1794 κοιί
287 1731 327 1804 είς
351 1729 417 1795 robe
440 1729 543 1811 χρόνον
568 1731 653 1812 μέρος
672 1755 699 1794 τι
718 1738 772 1804 τῆς
791 1730 902 1803 πόλεως
914 1729 1088 1810 ίνομοίζετιιι
1101 1727 1269 1793 Σικειίυν.”

191 1859 323 1921 Plinius
354 1859 456 1922 tradit
486 1858 573 1922 N.H.
598 1859 691 1935 XVI,
717 1857 798 1920 237:
822 1858 999 1934 „Tiburtes
1021 1876 1152 1940 quoque
1176 1855 1272 1938 origi·

148 2002 224 2046 nem
260 1983 366 2046 multo
391 1988 469 2047 ante
494 1984 608 2047 urbem
633 1983 775 2046 Romam
801 1984 934 2047 habant.
960 1981 1055 2065 Apud
1078 2002 1132 2047 eos
1156 1988 1271 2046 extant

148 2107 239 2170 ilices
263 2113 327 2171 tres
350 2109 452 2171 etiam
478 2109 627 2173 Tiburno
648 2109 816 2172 conditore
836 2128 950 2172 corum
964 2109 1171 2186 vetustiores,
1184 2108 1271 2191 apud

151 2250 234 2313 quos
256 2233 477 2315 inauguratus
501 2233 643 2296 traditur
651 2259 660 2310 ;
682 2234 779 2297 luisse
800 2239 911 2297 autem
924 2254 1002 2296 cum
1015 2235 1149 2298 tradunt
1162 2233 1270 2296 filium

152 2356 357 2440 Amphiarai,
377 2359 436 2439 qui
457 2359 544 2441 apud
563 2357 692 2422 Thebas
704 2359 823 2422 obierit
837 2377 905 2421 una
917 2364 1024 2422 aetate
1036 2363 1114 2421 ante
1128 2355 1271 2422 Iliacum

152 2481 310 2546 bellnm'’.
339 2484 524 2565 Porphyris
556 2491 667 2547 autem
695 2484 794 2547 tradit
817 2486 858 2548 ad
883 2485 995 2548 Horat.
1020 2482 1132 2548 Carm.
1156 2480 1186 2561 I,
1212 2484 1274 2545 13:

151 2605 343 2682 „Tiburnus
378 2609 528 2673 conditor
559 2609 692 2672 Tiburis
724 2614 781 2687 est,
814 2612 909 2692 cujus
940 2610 1055 2672 fratres
1078 2606 1221 2672 Catillus
1243 2612 1275 2672 et

151 2729 262 2809 Coras,
286 2751 427 2814 quorum
453 2733 619 2817 Vergilius
642 2734 828 2812 meminit'',
848 2736 969 2817 quibus
983 2735 1092 2799 verbis
1105 2735 1274 2818 Vergilius

153 2857 252 2938 hujus
281 2855 412 2922 fabulae
440 2866 556 2923 auctor
586 2862 727 2923 indicari
758 2862 901 2924 videtur.
931 2862 1066 2926 Servius
1092 2860 1166 2937 VII,
1193 2861 1273 2925 670:

152 2983 221 3059 „dc
254 2982 392 3047 Graecia
427 2989 491 3047 tres
526 2984 641 3048 fratres
673 2993 838 3049 venerunt
869 2987 909 3050 ad
941 2986 1093 3050 Italiam:
1117 2983 1270 3063 Catillus,

153 3104 264 3185 Coras,
296 3107 401 3170 Tibur
429 3109 484 3170 vel
507 3109 685 3173 Tiburnus.
711 3110 753 3172 Hi
778 3109 875 3173 simul
902 3130 1017 3174 omnes
1042 3130 1144 3174 unam
1169 3110 1273 3174 iecere

152 3229 322 3294 civitatem
348 3237 379 3294 et
403 3251 475 3294 eam
502 3232 541 3296 de
560 3234 671 3297 fratris
693 3235 825 3318 majoris
840 3234 1006 3319 (maximi)
1021 3236 1156 3299 nomine
1167 3234 1273 3298 Tibur

153 3354 416 3437 appellaverunt,
453 3357 530 3421 licet
566 3364 599 3421 et
634 3360 719 3422 alias
749 3361 887 3423 fecerint
915 3360 1050 3442 singuli.
1074 3358 1174 3423 Nunc
1196 3378 1273 3444 ergo

154 3480 234 3543 dicit
264 3480 386 3563 (Terg.)
412 3482 490 3546 duas
514 3484 556 3545 ad
580 3484 667 3547 bella
693 3485 829 3562 venisse,
854 3485 989 3549 dimisso
1012 3485 1046 3548 in
1072 3486 1211 3551 civitate
1233 3485 1274 3549 ad

154 3604 335 3668 custodiam
367 3606 506 3670 Tiburte
538 3608 590 3670 val
615 3608 793 3671 Tiburno⁷'
816 3614 848 3673 et
873 3610 954 3673 672:
979 3608 1164 3688 „Catillus
1188 3609 1275 3674 unde

156 3747 251 3792 mons
274 3727 389 3792 Catilli
413 3731 545 3810 dicitur,
568 3751 666 3814 quam
692 3730 865 3809 „Catelli”
885 3734 999 3798 dicunt
1020 3754 1078 3817 per
1097 3736 1275 3819 curruptio-

155 3872 250 3932 nem3
274 3852 385 3933 Coras,
409 3875 429 3918 a
451 3858 543 3939 cujus
567 3859 702 3922 nomine
726 3864 776 3922 est
798 3861 915 3924 civitas
939 3861 975 3923 in
1000 3858 1133 3925 Italia.”
