2956 5040
733 389 754 448 4

175 601 250 664 dam
283 619 351 663 esse
381 598 592 662 concedimus
623 596 677 659 sed
710 595 866 660 omnibus
900 596 960 660 hoc
984 615 1163 660 commune
1186 601 1237 659 est
1266 603 1309 660 ut

175 724 358 806 aliquando
395 723 445 786 vel
481 742 522 784 ex
545 721 643 784 rebus
666 720 748 784 actis
773 720 946 782 hominum
973 720 1117 802 fingendi
1141 721 1307 784 facultate

177 851 303 915 ornatis
327 849 381 912 vel
405 868 445 912 ex
470 849 530 910 hac
554 847 623 912 sola
647 851 745 909 natae
767 846 841 908 sint.
867 845 945 908 Sive
970 865 1020 908 res
1043 865 1129 927 quae
1152 846 1244 908 cerni
1271 852 1308 909 et

177 975 282 1038 videri
307 993 371 1038 non
397 977 535 1055 possunt
558 976 637 1035 ante
658 971 767 1035 oculos
787 977 981 1053 proponunt,
1002 971 1073 1033 sive
1095 989 1144 1033 res
1157 971 1307 1033 tenebris

176 1100 345 1164 involutas
376 1099 564 1181 perspicuas
587 1097 721 1160 reddere
744 1101 917 1174 conantur,
941 1097 1012 1159 sive
1035 1116 1085 1160 res
1108 1115 1237 1179 parvas,
1263 1103 1306 1160 ut

178 1245 317 1308 magnae
348 1226 545 1302 habeantur,
572 1225 701 1297 ornant,
724 1220 793 1285 sive
817 1241 894 1285 oum
920 1219 1016 1285 rebus
1042 1241 1118 1285 vere
1141 1221 1225 1284 actis
1249 1241 1305 1284 res

177 1353 256 1417 illae
287 1350 484 1436 conjunctae
516 1353 594 1412 sunt
625 1349 695 1411 sive
727 1368 805 1424 non,
829 1368 959 1431 semper
980 1347 1105 1430 aliquid
1129 1350 1246 1413 docere
1270 1357 1306 1415 et

177 1473 356 1558 explanare
380 1474 509 1551 volunt,
533 1472 598 1535 nisi
622 1473 705 1536 forte
730 1490 770 1534 ex
793 1491 886 1535 mere
909 1469 1092 1536 delectandi
1116 1473 1300 1555 cupiditate
1335 1550 1338 1557 Ι

178 1606 270 1665 ortae
293 1605 380 1665 sunt.

222 1725 297 1806 Quo
323 1732 471 1808 tempore
493 1723 607 1788 fabula
629 1724 704 1787 ficta
727 1724 780 1800 sit,
802 1729 915 1787 utrum
939 1728 1032 1787 vetus
1051 1724 1094 1786 sit
1113 1743 1156 1786 an
1178 1743 1304 1802 reeens,

179 1857 294 1914 utrum
314 1852 383 1933 ejus
402 1858 601 1931 argumento
621 1849 664 1911 ab
685 1849 876 1913 hominibus
895 1849 972 1913 fides
994 1849 1107 1912 habita
1126 1850 1169 1911 sit
1188 1869 1304 1912 ennon

178 1975 345 2057 nequead
368 1975 540 2038 veritatem
564 1974 731 2055 nequead
751 1975 983 2039 auctoritatem
1007 1975 1190 2056 quidquam
1214 1975 1304 2052 facit,

179 2119 257 2163 nam
289 2100 462 2164 hominum
487 2099 647 2178 facultati,
670 2118 738 2181 qua
761 2118 812 2163 res
835 2099 1035 2180 cogitatione
1057 2099 1196 2180 fingunt,
1220 2118 1306 2162 sem·

180 2244 247 2307 per,
291 2226 361 2288 sive
398 2224 433 2286 in
478 2224 592 2307 priscis
636 2225 707 2287 sive
747 2226 782 2286 in
826 2224 1064 2288 recentioribus
1099 2223 1305 2307 temporibus

179 2348 270 2425 lusit,
304 2349 391 2411 idem
419 2340 572 2430 ‘pretium
608 2347 827 2411 addicendum
860 2355 917 2412 est.
950 2347 1058 2428 Quam
1093 2348 1135 2411 ob
1167 2367 1301 2413 causam

182 2473 275 2536 nullo
313 2472 408 2535 modo
445 2474 555 2537 verbis
588 2473 774 2537 consentire
807 2472 953 2555 possum
987 2492 1072 2555 quae
1103 2473 1307 2556 Bamberger

181 2599 216 2660 in
240 2598 305 2661 fine
328 2599 617 2661 commentationis
640 2617 719 2661 suae
745 2599 877 2679 (Rhein.
900 2599 1048 2661 Museum
1071 2598 1127 2675 VI,
1149 2618 1202 2681 pg.
1228 2599 1304 2681 105)

182 2723 313 2800 „Ueber
336 2723 388 2785 die
414 2723 626 2805 Entstehung
645 2723 701 2786 der
720 2723 855 2804 Mythus
868 2744 933 2787 von
949 2724 1075 2787 Aeneas
1087 2724 1121 2786 in
1135 2724 1304 2802 Latium'',

183 2846 329 2928 scripsit:
354 2847 474 2923 „Dooh
499 2847 552 2910 ich
579 2847 668 2910 hatte
691 2848 744 2911 ein
770 2867 826 2910 um
847 2848 939 2910 nicht
958 2843 1205 2910 Vorwiirfeauf
1216 2848 1303 2911 mich

172 2991 224 3032 -nu
259 2971 385 3046 ziehen,
422 2971 474 3032 die
510 2972 573 3034 den
611 2972 813 3053 uubefugteu
850 2973 1073 3054 Sagendenter
1106 2973 1168 3033 mit
1199 2971 1305 3035 Recht

184 3095 309 3157 treffen.
334 3094 456 3158 Aechte
482 3095 661 3176 Volkssage
684 3094 745 3159 soll
768 3115 844 3158 man
865 3096 964 3159 ehreu
988 3097 1055 3158 und
1077 3099 1306 3178 unangetastet

184 3220 290 3282 lassen
314 3238 368 3283 wo
393 3238 470 3282 rnen
495 3220 605 3282 nichts
630 3220 776 3285 Besseres
796 3240 838 3283 an
860 3221 932 3283 ihre
952 3221 1053 3283 Stelte
1073 3226 1179 3283 setzen
1203 3221 1304 3283 kann.

185 3343 265 3406 Wer
288 3345 346 3406 das
369 3344 535 3407 verkennt
558 3344 615 3407 der
638 3345 727 3407 nieht
750 3345 932 3409 Gottliches
953 3345 989 3407 in
1011 3346 1311 3428 gentem-mensch·-

184 3468 286 3532 liches
319 3470 431 3533 hereb.
462 3470 555 3532 Deun
582 3468 634 3534 die
657 3470 762 3552 Sagen
787 3472 930 3552 gehiiren
957 3476 1053 3534 unter
1076 3470 1129 3533 die
1153 3470 1216 3533 tric
1240 3470 1305 3533 und

185 3589 342 3669 Baratvffl
352 3613 481 3656 -nam
497 3595 647 3677 primum
657 3596 798 3658 simulac
809 3596 1036 3658 narrationem
1050 3615 1114 3658 non
1126 3615 1241 3658 veram
1252 3595 1307 3659 sed

186 3716 225 3780 de
245 3717 409 3780 industria
429 3719 538 3781 fictam
563 3720 584 3781 i.
599 3738 627 3782 e.
649 3719 794 3782 fabulam
817 3720 894 3797 seio,
914 3738 953 3782 ea
964 3720 1036 3809 ipsa
1048 3739 1142 3782 suam
1156 3720 1305 3784 divinam

186 3848 341 3904 naturam
367 3843 490 3921 amisit,
508 3844 625 3907 deinde
647 3863 714 3906 non
736 3843 770 3904 in
792 3843 939 3924 aliquam
961 3863 1030 3906 rem
1051 3844 1219 3925 inquirere
1238 3863 1308 3926 pos·

187 3986 260 4028 sum
284 3967 348 4029 nisi
368 3987 442 4030 eam
463 3968 636 4050 tangendo,
651 3972 723 4030 tum
740 3987 815 4032 vero
828 3967 1049 4051 ignorantiam
1065 3971 1208 4051 profiteri
1224 3969 1306 4032 mihi

187 4111 316 4175 semper
335 4094 439 4156 satius
461 4094 593 4156 videtur
609 4113 710 4175 quam
729 4113 780 4157 res
792 4095 883 4157 fictas
898 4114 974 4158 vere
986 4101 1075 4157 actas
1087 4095 1194 4159 dicere
1207 4097 1260 4160 vel
1272 4097 1308 4158 iu

188 4217 342 4279 tritarum
366 4217 472 4280 vicem
495 4237 599 4280 novas
618 4218 710 4280 fictas
729 4238 861 4300 ponere.
877 4218 979 4283 Nullo
992 4220 1133 4301 denique
1147 4221 1243 4284 modo
1258 4240 1308 4283 ve·

189 4342 379 4404 tustissimis
390 4340 509 4405 sabulis
523 4343 590 4405 alia
602 4343 691 4426 origo
704 4363 803 4425 quern
814 4346 1051 4409 recentioribus
1065 4346 1184 4409 ascribi
1196 4351 1310 4429 potest.
