2956 5040
767 385 809 444 84

228 593 350 673 quibus
371 593 520 656 addenda
543 595 621 654 sunt
644 592 746 654 verba
771 591 912 654 Amatae
938 590 1011 667 VII,
1037 590 1119 652 365:
1144 591 1252 671 „quid
1273 609 1359 652 cura

228 717 366 797 antiqua
381 722 527 791 tuorum,
541 717 585 777 Et
598 717 839 797 consanguineas
850 716 947 777 toties
961 715 1035 776 data
1046 716 1180 778 dextera
1191 715 1311 777 Turno
1322 713 1359 775 ?'’

230 839 418 922 Latinique,
450 839 530 914 XII,
562 843 620 902 29:
644 838 782 916 „Victus
806 860 920 904 amore
944 841 1005 916 tui,
1029 846 1168 923 cognato
1191 839 1360 922 sanguine

228 965 366 1041 victus'',
390 985 408 1028 c
430 966 552 1046 quibus
575 970 663 1048 patet
688 965 875 1047 Vergilium
895 965 1009 1028 Turno
1031 966 1190 1027 Daunum
1210 969 1358 1046 patrem,

230 1089 398 1152 Veniliaru
432 1096 582 1166 matrem,
613 1090 811 1152 Pilumnum
842 1109 946 1152 avum
970 1090 1025 1153 vel
1047 1091 1192 1153 abavum
1217 1096 1253 1153 et
1279 1111 1359 1153 cum

230 1215 348 1279 Latino
372 1217 602 1298 cognationem
627 1217 822 1299 ascripsisse.
848 1213 909 1280 Sed
935 1215 1056 1279 Amata
1077 1235 1220 1298 quoque,
1246 1235 1357 1298 quum

229 1358 288 1422 pru
318 1339 429 1402 Turno
454 1339 648 1421 deprecatur
670 1342 807 1421 ejusque
831 1345 865 1402 et
889 1338 1154 1423 peregrinitatem
1179 1343 1211 1403 ct
1235 1339 1373 1415 habili<

231 1468 332 1526 tatem
356 1464 469 1526 laudat
492 1465 623 1540 Latino,
647 1465 726 1527 dicit
751 1465 827 1540 VII,
853 1467 934 1528 371:
959 1466 1032 1541 „Et
1050 1465 1174 1542 Turno,
1193 1466 1221 1528 si
1242 1467 1359 1547 prima

231 1590 348 1652 domus
371 1595 539 1671 repetatur
563 1591 666 1673 origo,
689 1591 832 1653 Inachus
854 1591 1064 1673 Acrisiusque
1077 1597 1195 1673 patres,
1209 1591 1357 1654 mediae·

230 1734 294 1797 que
323 1714 516 1796 Mycenae”.
545 1716 700 1798 Fungens
731 1714 803 1779 vice
833 1718 947 1798 patris,
971 1721 1080 1780 aetate
1103 1717 1223 1796 gravis,
1248 1715 1362 1779 Rutu·

232 1838 338 1902 lorum
364 1857 421 1901 rex
444 1845 524 1915 erat,
547 1857 690 1920 quorum
715 1846 813 1921 caput
835 1840 953 1918 Ardea,
976 1839 1052 1915 VH,
1064 1841 1148 1903 40⁷:
1168 1841 1363 1916 „Protinus

233 1962 308 2024 hinc
331 1962 431 2025 luscis
454 1963 555 2025 tristis
579 1965 640 2026 dea
664 1963 815 2043 (Allecto)
840 1965 969 2027 tollitur
992 1965 1054 2026 alis
1075 1964 1216 2027 Andanis
1235 1963 1364 2026 Rutuli

231 2087 273 2150 ad
298 2107 419 2163 muros,
443 2107 545 2169 quam
569 2089 689 2151 dicitur
716 2089 829 2152 urbem
857 2088 1044 2154 Acrisoneis
1067 2091 1181 2152 Danae
1200 2089 1363 2152 fundasse

231 2212 367 2290 colonis,
390 2213 570 2294 Praecipiti
592 2213 702 2276 delata
723 2213 820 2278 Noto.
842 2214 947 2277 lucus
968 2213 1078 2278 Ardea
1097 2214 1268 2295 quondam
1282 2215 1362 2278 Dic·

233 2341 286 2398 tus
309 2337 400 2413 aris3
424 2343 457 2400 et
480 2358 571 2401 nunc
593 2358 752 2420 magnum
767 2344 857 2402 tenet
872 2339 978 2402 Ardea
989 2359 1129 2417 nnmen3
1143 2340 1206 2402 Sed
1218 2339 1362 2402 fortuna
1419 2320 1421 2322 ,

231 2460 305 2523 luit.
330 2459 438 2524 Tectis
461 2462 511 2524 bis
533 2462 667 2526 Turnus
688 2464 723 2525 in
746 2463 825 2526 altis
844 2465 920 2527 lam
937 2465 1078 2527 mediam
1092 2466 1187 2547 nigra
1198 2466 1362 2546 carpebat

232 2588 328 2647 nocte
350 2583 530 2666 quietern.''

276 2710 381 2772 Turni
408 2717 560 2788 stemma,
585 2731 786 2794 quamquam
813 2714 922 2796 ipsum
945 2733 1022 2776 eum
1047 2712 1130 2777 Cato
1153 2713 1188 2775 in
1209 2709 1362 2796 Origini-

233 2837 303 2913 bus,
328 2842 488 2918 utsupra
511 2837 667 2914 vidimus,
691 2846 942 2917 commemorat,
966 2859 987 2902 a
1010 2840 1103 2903 nullo
1127 2840 1195 2902 aliu
1215 2840 1362 2922 antiquo

232 2963 390 3044 scriptore
414 2963 476 3025 nisi
499 2983 520 3025 a
542 2965 578 3027 L.
603 2963 786 3047 Calpurnio
810 2965 931 3028 Pisone
955 2965 1057 3047 Frugi
1085 2965 1244 3027 traditum
1266 2965 1360 3029 vide·

232 3093 303 3164 tur3
327 3087 367 3150 cl.
392 3087 488 3151 duct.
512 3087 552 3151 de
575 3108 622 3152 or.
645 3095 735 3171 gent.
760 3090 858 3153 Rnur.
882 3108 953 3170 cap.
977 3090 1017 3151 13
1039 3089 1357 3172 (Krausepg.146):

232 3210 336 3289 „Piso
365 3213 500 3294 quidem
532 3214 684 3278 Turnum
719 3216 914 3278 matruelem
947 3215 1046 3277 fuisse
1077 3213 1219 3276 Amatae
1241 3214 1359 3291 tradit,

232 3339 471 3421 interiectuque
502 3340 621 3404 Latino
652 3348 793 3404 mortem
826 3341 930 3422 ipsam
961 3340 1097 3403 sibimet
1126 3337 1360 3402 conscivisse.’'

233 3463 304 3528 Hoc
337 3464 446 3546 ipsum
480 3463 522 3526 ad
553 3460 692 3546 Vergilii
723 3470 951 3528 commentum
981 3463 1192 3527 refutandum
1217 3463 1359 3527 sufficiat

231 3589 258 3650 si
293 3587 422 3671 probari
454 3589 554 3670 possit
585 3590 674 3670 quod
706 3590 840 3653 Servius
873 3594 1013 3654 annotat
1036 3590 1079 3652 ad
1102 3588 1186 3652 Aen.
1210 3588 1269 3665 VI,
1295 3589 1356 3652 90:

233 3711 368 3790 „Natus
400 3719 432 3776 et
461 3715 531 3796 ipse
563 3715 624 3777 dea
649 3716 671 3776 i.
693 3734 721 3777 e.
746 3715 786 3778 de
809 3714 953 3791 Venilia,
977 3733 1087 3778 sorore
1112 3711 1285 3776 Amatae.'’
1311 3713 1357 3776 Ut

230 3838 322 3902 enim
346 3838 478 3901 Turnus
502 3840 674 3902 matruelis
698 3845 781 3903 esset
806 3839 946 3903 Amatae
969 3858 1035 3902 non
1060 3841 1130 3921 ejus
1154 3838 1275 3902 sororis
1301 3839 1356 3901 sed

230 3965 341 4026 fratris
363 3964 450 4026 filius
473 3983 541 4027 esse
565 3965 706 4042 deberet,
732 3985 810 4027 nam
836 3963 1016 4029 secundum
1038 3964 1193 4026 Servium
1215 3969 1246 4026 el
1259 3963 1354 4026 Pom·

229 4089 367 4171 ponium
399 4087 570 4166 Sabinum,
600 4089 745 4154 dicentes
777 4090 933 4154 Amatam
959 4090 1194 4170 Veniliamque
1219 4108 1355 4166 sorores,

231 4213 363 4277 Turnus
395 4214 533 4278 Amatae
564 4216 779 4280 consobrinus
808 4217 893 4279 fuit·
915 4213 1012 4294 Quod
1035 4219 1148 4277 tamen
1174 4233 1192 4277 e
1216 4209 1354 4296 Vergilii

233 4339 424 4402 narratione
449 4360 515 4404 non
543 4341 659 4423 liquet.
