2956 5040
773 415 832 477 100

245 622 465 685 multitudinis
497 627 608 687 coetus
642 628 691 686 est
723 624 856 686 flamma
889 622 1119 686 circumdatus.
1155 620 1228 702 Quo
1267 621 1349 685 laeto

243 750 400 812 commoti
443 768 556 812 omnes
597 749 695 812 simul
733 749 966 816 habitaverunt
1001 754 1032 813 et
1068 748 1209 811 Vulcani
1244 748 1350 810 filium

243 894 310 938 esse
333 873 570 939 crediderunt”.
594 873 690 957 Apud
712 875 905 939 Strabonem
927 873 1066 958 legimus
1077 874 1119 950 V,
1134 875 1214 937 238:
1235 922 1254 950 ‚,
1264 880 1352 952 Προι-

242 999 339 1063 νεστὸν
372 1003 442 1076 γοῦν
476 997 704 1081 Πολυστέφοινον
738 1000 888 1064 κοιλείσίοιι
920 998 1078 1081 τρίτερον”,
1103 1001 1191 1084 quod
1222 1000 1354 1063 Plinius

242 1126 360 1209 repetit
377 1125 437 1206 III,
458 1128 517 1189 64:
531 1127 767 1205 „Praenestini
782 1127 862 1191 urbe
874 1127 1041 1209 quondam
1055 1127 1221 1209 Stephane
1234 1124 1353 1202 dirta”,

243 1252 328 1335 apud
363 1249 587 1329 Plutarchum,
622 1252 795 1328 Perallela,
831 1252 853 1316 i.
877 1252 919 1316 f.:
954 1249 1151 1329 ,,Τκλένονος,
1188 1248 1354 1322 Ὀδυσσέως

241 1373 292 1439 κοιὶ
326 1373 438 1457 Κίρκης,
472 1372 521 1437 ἕτί
553 1373 731 1455 ἀναζήτησιν
761 1377 812 1439 τοῦ
842 1375 950 1456 τοιτρὸς
974 1373 1134 1458 πεμφθείς,
1157 1372 1250 1454 ἔροοοίε
1272 1373 1353 1439 πόλιν

242 1499 338 1565 κτίσοιι
372 1497 438 1565 ἔνίοι
470 1497 507 1564 tn
540 1497 589 1582 ίδρ
624 1499 766 1581 γεωργοὺς
801 1500 1059 1582 ἐστεφανωμένους
1088 1499 1140 1566 nal
1170 1500 1352 1581 χορεύοντοις.

243 1626 397 1706 Γενόμενος
431 1626 488 1709 ροὶρ
521 1625 602 1691 κοιτοί
632 1650 697 1690 τινοο
727 1627 813 1691 τόσον
843 1633 897 1701 τῆς
929 1627 1070 1702 Ἰτοολίοις,
1101 1625 1153 1692 nal
1177 1625 1354 1704 ίεοοσοίριενος

242 1752 389 1835 οίγροίκοος
421 1751 549 1834 πρινίνοις
573 1751 689 1825 κλοίδοις
714 1751 963 1834 ἕστεφοινομένονς
985 1751 1037 1818 κοιί
1062 1751 1164 1834 ίρχκσι
1187 1775 1353 1833 τροσενκοιι-

241 1885 370 1961 ροῦντοις,
398 1877 492 1944 ἔκτισε
523 1876 606 1948 τίλιν
628 1879 689 1943 cirri
712 1883 762 1943 τοῦ
790 1877 1054 1966 (σνκορκμοίτοςῖ)
1080 1878 1226 1960 Πρίνιστον
1249 1875 1354 1956 ὀνομοί-

243 2031 308 2081 σοος,
340 2005 392 2080 τίον
422 2006 561 2084 Ῥοιμοοῑοι
591 2004 776 2086 σοιροιροίγοις
808 2004 980 2087 Προιίνεστον
1010 2009 1147 2071 κοιλοῒισιν
1174 2005 1231 2090 (ὥς
1254 2003 1359 2085 ἱστορεῖ
1470 2001 1475 2010 '

243 2135 433 2215 Ἀριστοκλῆς
452 2134 481 2197 ἐν
499 2132 582 2215 τρίτῳ
602 2134 752 2197 Ἰτοολικῶν
762 2133 801 2217 (2)
811 2132 853 2215 )'’;
867 2134 952 2217 apud
966 2134 1116 2198 Solinuur
1129 2131 1172 2211 II,
1185 2134 1203 2196 9
1218 2157 1224 2195 :
1238 2133 1355 2211 „Prae-

243 2267 343 2341 neste
367 2268 405 2326 ut
428 2259 609 2325 Zenodotus
632 2260 741 2339 refert,
765 2278 785 2322 a
807 2260 981 2324 Praeneste
1002 2259 1129 2340 Ulyssis
1149 2263 1277 2342 nepote,
1297 2259 1355 2320 La·

245 2389 308 2451 tini
331 2388 410 2466 filio,
434 2391 502 2465 aut,
527 2393 563 2450 ut
585 2386 792 2449 Praenestini
816 2390 933 2450 sonant
951 2384 1028 2449 libri
1048 2403 1068 2448 a
1088 2382 1241 2462 Caerulo,
1254 2401 1353 2466 quem

239 2516 337 2596 juxta
358 2513 464 2596 igneis
487 2512 640 2576 fortuitos
663 2512 875 2589 invenerunt,
900 2515 937 2574 ut
961 2510 1051 2573 fama
1074 2514 1130 2588 est,
1153 2509 1354 2592 Digitinrum

244 2637 387 2703 sorores''
394 2663 403 2717 3
427 2638 567 2720 denique
592 2637 679 2721 apud
702 2637 854 2701 Servium
879 2636 952 2715 VII,
977 2636 1058 2699 678:
1082 2637 1285 2713 „Praeneste
1307 2638 1356 2699 est

243 2765 352 2829 locum
387 2765 474 2828 haud
505 2765 600 2848 longe
624 2765 667 2828 ab
690 2765 781 2842 urbe,
807 2764 912 2829 dietus
934 2763 993 2826 ιἰτὸ
1014 2766 1069 2826 τῶν
1092 2760 1192 2842 τρίνον
1212 2763 1235 2825 i.
1262 2782 1289 2827 e.
1313 2763 1357 2827 ab

242 2891 384 2968 ilicibus,
407 2911 492 2974 quae
522 2891 593 2955 illie
616 2889 817 2955 abundent'’.
838 2891 866 2952 E
889 2890 1009 2973 quibus
1033 2893 1124 2973 patet
1147 2889 1199 2953 hie
1222 2907 1357 2971 quoque

244 3017 307 3081 duo
330 3017 517 3081 fabularum
541 3035 661 3100 genera
682 3017 832 3100 viguisse,
852 3015 943 3080 aliud
963 3015 1132 3093 Latinum,
1144 3012 1236 3077 aliud
1256 3012 1359 3078 Grae·

244 3163 317 3206 curn
343 3150 376 3207 et
399 3143 587 3226 Vergilium
611 3142 827 3207 domesticum
851 3147 997 3207 secutum
1023 3161 1099 3207 esse.
