2956 5040
800 328 890 414 co*

250 563 369 626 silvam
387 563 535 645 profugit
545 563 588 626 ad
602 563 796 644 magistrum
811 562 909 643 patrii
922 560 1055 642 peeoris,
1067 561 1248 642 Tyrrhum,
1263 564 1374 646 ibique

251 691 351 754 enixa
380 694 428 752 est
449 707 601 769 puerum,
626 689 684 769 qui
709 707 729 749 a
751 687 814 751 toci
838 685 998 769 qualitate
1024 685 1147 751 Silvius
1170 693 1220 750 est
1246 688 1372 751 dictus'’

251 821 284 877 et
302 834 322 876 a
343 813 502 893 Dionysio
522 809 550 890 Ι,
565 812 616 890 70,
629 816 906 876 commemoratus
917 817 974 888 est,
988 812 1046 894 qui
1059 816 1131 893 post
1145 810 1277 876 Aeneae
1292 833 1374 876 mor·

253 944 318 1002 tem
332 958 407 1001 eum
421 936 584 1001 Lavinius
598 943 737 1002 tutorem
751 938 945 1018 facit,quem
961 943 1073 1000 tamen
1086 938 1222 1002 Servius
1234 939 1277 1001 ad
1295 941 1374 1003 Aen.

252 1062 310 1139 VI,
336 1062 415 1127 too:
439 1061 572 1145 „Cujus
593 1062 752 1146 (Ascanii)
775 1063 917 1125 Lavinia
938 1064 1060 1126 timens
1080 1062 1227 1141 insidias,
1238 1065 1376 1145 gravida

177 1154 180 1158 Δ
251 1187 398 1270 confugit
421 1189 463 1251 ad
486 1189 587 1250 silvas
610 1194 643 1251 et
667 1188 766 1250 tatuit
786 1189 821 1250 in
843 1207 918 1251 oasa
938 1187 1374 1270 pastorisTyrri'',enndem

252 1333 319 1378 esse
353 1334 392 1378 ao
426 1314 567 1396 Vergilii
600 1315 769 1395 Tyrrhum
802 1314 954 1376 affirmat.
990 1313 1155 1396 Vergilius
1185 1313 1273 1379 sulus
1297 1334 1373 1379 eum

251 1438 454 1502 Laurentum
479 1439 595 1502 ducem
620 1439 761 1514 vocavit,
784 1439 844 1520 qui
867 1438 968 1520 primi
993 1439 1035 1502 ob
1058 1457 1191 1502 cervum
1221 1439 1375 1503 vulnere·

243 1569 322 1626 turn
365 1563 523 1647 Trojauos
565 1563 814 1646 aggrediuntur.
858 1562 1007 1644 Tyrrhus
1049 1562 1106 1627 ille
1141 1582 1262 1646 magno
1297 1583 1373 1627 cum

251 1688 389 1768 strepitu
424 1688 458 1749 in
490 1706 624 1750 scenam
655 1686 762 1768 prodit
793 1687 833 1750 ot.
857 1686 942 1750 Aen.
967 1686 1040 1762 VII,
1065 1687 1146 1764 5083
1178 1688 1283 1769 copiis
1306 1690 1374 1771 ejus

250 1813 431 1894 profligatis
473 1812 608 1904 filioque
651 1831 744 1876 caeso
783 1813 856 1876 sine
893 1812 962 1875 ulla
996 1832 1096 1875 causa
1131 1814 1201 1895 ipse
1235 1813 1279 1876 ab
1312 1813 1374 1878 illa

250 1935 372 2001 recedit
406 1942 439 2000 et
473 1937 605 2000 Turnus
639 1941 752 2019 postea
786 1938 990 2000 Laurentum
1027 1937 1096 1999 dux
1127 1942 1184 2014 est,
1215 1938 1254 2000 of.
1289 1937 1372 2002 Aen.

251 2059 346 2139 VIII,
382 2063 411 2124 l.
447 2063 501 2125 Sic
535 2062 684 2143 Tyrrhus
717 2068 750 2126 et
788 2062 970 2125 Laurentes
1003 2063 1038 2124 iu
1075 2062 1180 2125 Turni
1210 2063 1370 2128 ditionem

250 2186 374 2250 redacti
404 2193 438 2250 et
467 2206 543 2250 cum
576 2186 714 2249 Rutulis
745 2187 921 2250 commixti
951 2191 1038 2250 sunt.
1062 2188 1164 2250 Poeta
1186 2188 1294 2270 igitur
1315 2209 1370 2253 no-

251 2331 328 2374 men
361 2312 483 2393 Tyrrhi
517 2312 560 2374 ab
591 2312 667 2374 aliis
697 2313 830 2393 recepit,
863 2313 918 2376 sed
949 2313 1020 2394 ipse
1042 2332 1169 2376 novum
1195 2314 1226 2378 ei
1249 2334 1371 2378 munus

250 2437 419 2519 imposuit.

780 3045 845 3118 VI.

669 3215 949 3335 Mezentius
1015 3303 1017 3307 <

736 3505 882 3515 ,-

290 3676 382 3740 Inter
405 3676 537 3743 Aeneae
560 3680 847 3765 Troianorumque
866 3685 1098 3750 infestissimos
1120 3687 1227 3750 hostes
1240 3689 1365 3753 Mezen·

247 3799 311 3862 tius
333 3790 476 3881 protecto
500 3809 573 3884 post
596 3805 749 3868 Turnum
772 3809 956 3890 prinoipem
981 3810 1092 3874 locum
1117 3815 1216 3874 tenet.
1240 3810 1366 3891 Quam·

245 3943 347 4005 quarn
380 3945 467 4002 eum,
493 3933 530 3990 ut
560 3949 660 4010 supra
684 3929 837 4009 vidimus,
862 3939 976 3996 contra
1000 3937 1152 3998 omnium
1181 3935 1368 4000 testimonia

246 4068 323 4110 mox
352 4050 571 4116 interemtum
598 4054 765 4137 Vergilius
794 4058 900 4136 finxit,
920 4062 991 4142 jam
1017 4061 1111 4124 nobis
1135 4062 1170 4123 in
1197 4062 1295 4126 fidem
1320 4066 1366 4125 est

244 4174 492 4255 inquirendum,
516 4179 642 4260 quain
666 4180 725 4243 illo
749 4184 915 4265 pingendo
940 4205 1016 4248 usus
1039 4191 1097 4249 est.
1331 4242 1336 4248 .

293 4297 341 4362 De
369 4300 427 4365 illo
459 4302 599 4384 legimus
629 4305 727 4388 Verg.
760 4304 830 4384 VII,
861 4310 941 4373 ott:
965 4311 1127 4386 „Primus
1151 4312 1215 4376 init
1242 4312 1362 4376 bellum
