2956 5040
704 399 765 462 111

176 629 243 675 non
274 608 403 673 credere
432 607 575 692 fingendi
600 608 790 674 facultatem
814 613 985 690 politorum
1012 629 1065 674 eos
1087 610 1122 673 in
1147 627 1289 674 errorem

178 735 354 799 induxisse.
378 732 490 815 Quum
515 735 603 798 enim
629 735 778 818 legamus
802 733 888 818 apud
911 733 1115 815 Ciceronem,
1141 736 1198 800 ubi
1222 736 1291 816 agit

177 861 218 924 de
240 860 343 943 pactis
365 860 581 942 promisisque
604 864 718 922 utrum
743 878 870 942 semper
889 861 1048 924 servanda
1069 861 1136 924 sint
1156 880 1198 923 en
1213 879 1291 936 non,

177 987 217 1050 de
245 983 306 1050 Off.
330 983 394 1065 III,
419 985 436 1069 b
461 987 518 1049 94:
544 983 663 1067 „Quid
685 985 773 1067 quod
796 985 939 1049 Theseus
961 987 1068 1070 exegit
1091 987 1287 1069 promissum

177 1131 199 1174 a
227 1109 405 1196 Neptuno?
435 1109 497 1177 Oui
522 1131 622 1195 quum
649 1116 713 1175 tres
737 1111 923 1194 optationes
946 1111 1121 1196 Neptunus
1143 1113 1292 1192 dedisset,

178 1237 304 1319 optarit
331 1237 505 1302 interitum
529 1237 712 1320 Hippolyti,
735 1256 838 1320 quum
863 1238 891 1301 is
913 1239 1002 1321 patri
1021 1245 1188 1322 suspectus
1211 1243 1293 1304 esset

178 1362 216 1426 de
251 1382 409 1443 noverca,
442 1383 508 1446 quo
543 1367 654 1447 optato
688 1364 864 1445 impetrato
896 1363 1039 1428 Theseus
1069 1365 1104 1428 in
1139 1365 1292 1429 maximis

178 1489 242 1552 fuit
262 1485 438 1567 luctibus'',
459 1488 532 1573 jure
555 1488 701 1552 dubitari
725 1493 832 1570 potest
855 1508 898 1552 an
923 1509 988 1554 non
1010 1487 1124 1555 Cicero
1145 1490 1292 1555 tabulam

180 1616 375 1699 cognoverit.
400 1613 486 1679 Nam
510 1612 708 1698 Hippolytus
732 1634 750 1679 e
776 1620 881 1680 morte
906 1620 1115 1695 resurrectus,
1139 1636 1160 1679 a
1184 1616 1292 1679 Diana

180 1740 214 1802 in
244 1739 320 1804 luco
350 1744 507 1823 receptus,
538 1759 605 1803 non
637 1739 778 1822 prolecto
812 1739 956 1804 hominis
979 1741 1138 1822 promisso
1162 1745 1290 1804 servato

180 1865 322 1930 infelicis
363 1866 551 1949 exemplum
591 1866 656 1930 dici
693 1871 809 1949 potest,
844 1885 950 1949 neque
983 1865 1096 1931 Cicero
1131 1868 1166 1932 id
1200 1868 1292 1932 citas·

180 1997 228 2056 set
260 1993 288 2056 si
322 1992 544 2075 Hippolytum
583 1993 720 2058 meliore
754 2012 856 2076 quam
892 1997 991 2058 antea
1024 1995 1211 2059 conditione
1244 1995 1293 2059 uti

181 2119 336 2184 scivisset.

223 2246 298 2309 Post
328 2245 513 2328 Vergilium
545 2250 655 2309 autem
685 2246 859 2309 audiamus
882 2243 1037 2310 Ovidium
1064 2243 1198 2310 Metam.
1220 2244 1292 2327 XV,

184 2372 253 2450 541,
279 2371 337 2436 ubi
361 2372 560 2455 Hippolytus
583 2391 676 2435 suam
701 2376 822 2436 sortem
847 2378 975 2435 narrat:
998 2369 1110 2448 „Delo
1130 2370 1293 2457 Cretaque

184 2496 313 2561 relictis.
346 2497 409 2562 Hic
439 2499 549 2580 posuit
572 2497 711 2581 (Diana),
736 2517 924 2580 nomenque
947 2497 1059 2576 simul,
1081 2500 1169 2581 quod
1191 2500 1293 2582 possit

183 2642 339 2707 equorum
373 2622 599 2703 Admonuisse,
627 2624 723 2708 jubet
754 2624 925 2707 deponere,
955 2622 1063 2706 „qui”
1085 2643 1150 2706 que
1173 2625 1292 2702 „luisti

181 2747 408 2832 Hippolytus”,
436 2750 519 2814 dixit
542 2768 661 2828 „nunc
684 2749 772 2812 idem
797 2748 933 2812 Virbius
956 2747 1057 2813 esto.”
1080 2749 1150 2813 Hoc
1174 2769 1292 2814 nemus

180 2872 254 2938 inde
278 2873 357 2953 colo,
379 2875 419 2939 de
442 2876 556 2958 disque
576 2874 762 2939 minoribus
785 2894 871 2938 unus
893 2873 1040 2939 Numine
1059 2875 1120 2940 sub
1139 2876 1293 2940 dominae

180 2997 262 3064 lateo
286 3005 386 3082 atque
409 3019 581 3064 accenseor
604 2999 688 3078 illi”,
712 2998 896 3081 iterumque
919 3000 1006 3063 Fest.
1028 2999 1086 3077 VI,
1102 3000 1181 3063 755:
1202 3002 1293 3078 „Lu-

178 3142 234 3187 cus
269 3143 344 3188 eum
379 3122 619 3207 (Hippolytum)
653 3124 797 3188 nemoris
832 3125 891 3202 tui,
928 3124 1115 3206 Dictymna,
1150 3145 1293 3190 recessus

178 3246 292 3313 (lelatr
316 3249 452 3314 Aricino
476 3247 609 3313 Virbius
632 3249 691 3314 ille
714 3244 821 3314 laeu.”

221 3373 373 3458 Hyginus
401 3372 575 3458 Hippolyti
606 3374 753 3438 fabulam
785 3394 834 3457 cp.
866 3372 989 3438 XLVII
1022 3395 1123 3458 usque
1154 3376 1195 3440 ad
1224 3379 1293 3460 ejus

172 3478 319 3566 'morum
351 3506 464 3565 narrat
495 3507 527 3565 et
554 3507 665 3583 postea
696 3519 745 3582 cp.
774 3498 881 3579 GCLI,
906 3520 1005 3584 agens
1028 3501 1067 3566 de
1093 3503 1292 3582 hominibus,

179 3626 235 3709 qui
259 3625 394 3690 lieentia
418 3627 596 3690 Parcarum
622 3628 665 3691 ab
688 3626 802 3690 inferis
825 3627 1002 3704 redieruut,
1028 3628 1159 3692 scribit:
1183 3629 1294 3712 „Hip-

179 3752 317 3833 polytus,
351 3751 466 3816 Thesei
501 3752 600 3830 filius,
635 3752 806 3815 voluntate
837 3748 976 3830 Dianae,
999 3754 1056 3834 qui
1087 3759 1199 3836 postea
1223 3751 1295 3817 Vir·

181 3876 251 3941 bius
282 3883 328 3942 est
355 3874 569 3962 appellatus.”
592 3877 774 3940 Pausanias
797 3876 924 3955 deinde,
948 3883 1119 3960 postquam
1143 3881 1294 3943 narravit

181 4021 212 4066 se
242 4005 330 4087 apud
360 4004 565 4087 Epidaurum
593 4004 628 4066 in
654 4001 839 4086 Aesculapii
863 4003 936 4067 luco
961 4005 1133 4068 columnas
1155 4006 1293 4088 inserip-
1424 4035 1429 4048 ι

185 4129 324 4194 tionibus
358 4130 393 4192 iu
429 4132 497 4213 ejus
532 4130 689 4194 honorem
727 4134 858 4193 ornatas
891 4130 1063 4207 invenisse,
1094 4131 1140 4194 sio
1171 4133 1290 4215 pergit,

183 4255 249 4321 Lib.
279 4255 323 4337 II,
355 4278 381 4322 c.
414 4258 464 4335 27,
497 4259 534 4320 4:
568 4253 687 4336 „xupir
718 4255 749 4318 δὲ
781 4253 841 4318 ἀπὸ
874 4258 929 4317 τῶν
956 4251 1054 4318 ἄλλων
1076 4255 1153 4318 ἐστιν
1177 4255 1291 4337 ἀρχαία

183 4381 281 4457 στήλη,
315 4380 419 4454 ἵππους
453 4381 484 4446 δὲ
517 4380 688 4446 Ἱππόλυτον
723 4381 876 4444 ἀναθεῖναι
911 4380 951 4460 τῷ
986 4380 1035 4460 θεῷ
1070 4379 1163 4462 <decb
1196 4380 1292 4448 elucet.
