2956 5040
742 174 782 236 95

717 476 805 549 VII.

615 697 896 766 Aventinus.

687 938 831 947 -.---

236 1115 424 1181 Aventinus
459 1117 528 1195 ille,
563 1118 652 1181 filius
688 1113 852 1195 Herculis,
889 1138 910 1181 a
943 1117 1036 1182 nullo
1069 1117 1134 1184 elio
1163 1120 1319 1204 scriptore

193 1249 470 1307 commemoratus
494 1248 552 1306 est.
579 1244 676 1326 Apud
703 1244 823 1307 multos
847 1249 959 1308 eutem
987 1245 1159 1310 invenitur
1182 1245 1320 1310 Aventi-

193 1387 266 1445 nus,
290 1387 452 1432 successor
475 1368 613 1432 Romuli
638 1369 745 1446 Silvii,
770 1368 877 1433 Albae
899 1369 1031 1452 Longae
1045 1372 1212 1435 undeoimi
1223 1372 1319 1454 regis.

193 1491 242 1556 Ne
266 1490 372 1557 Varro
397 1495 544 1575 quidem,
567 1495 625 1576 qui
647 1495 757 1558 varies
777 1495 1001 1559 derivationes
1016 1497 1162 1560 nominis
1174 1497 1318 1576 tradidit,

193 1618 280 1681 inter
304 1618 364 1681 hes
387 1619 546 1682 Aventini
572 1638 693 1683 nomen
719 1619 859 1693 rettulit,
884 1619 923 1682 of.
949 1616 986 1681 L.
1010 1620 1046 1684 L.
1070 1620 1112 1698 V,
1135 1622 1187 1684 43.
1208 1620 1317 1701 Quem

195 1743 234 1806 ob
266 1761 402 1806 causum
427 1742 524 1805 illum
554 1743 760 1806 Aventinum
786 1746 902 1824 poetae
926 1744 1122 1826 figmentum
1147 1765 1216 1809 esse
1238 1747 1319 1808 exis-

195 1867 285 1931 timo.
309 1866 417 1932 Nemo
443 1873 554 1933 temen
578 1870 639 1931 hoo
659 1868 856 1949 figmentum
879 1872 917 1930 ut
933 1869 1139 1950 ingeniosum
1160 1868 1318 1947 laudabit,

195 1993 249 2073 qui
279 2011 354 2055 sem
386 1993 525 2055 mutatIs
559 1995 688 2054 tanturn
719 1991 911 2054 nominibus
935 2011 953 2055 e
977 1991 1090 2056 subulo
1113 1993 1152 2056 de
1176 1993 1318 2057 Romulo

192 2112 364 2199 Remoque
399 2121 507 2180 ortum
538 2115 754 2193 intellexerit,
785 2116 867 2196 quie
898 2116 1011 2180 Rheae
1039 2117 1153 2181 Rheae
1183 2118 1317 2195 Silvius,

189 2237 328 2304 Herculi
353 2238 479 2318 Martis,
504 2239 672 2304 Aventino
696 2239 914 2321 gemellorum
937 2259 1075 2323 persona
1098 2241 1175 2304 deta
1197 2248 1255 2306 est.

701 2876 808 2948 VIII.

509 3096 677 3180 Tiburtus,
701 3095 817 3182 Gerae,
843 3095 999 3168 catillus.

683 3325 828 3336 ———-

236 3514 373 3600 scripsit
407 3517 575 3602 Vergilius
609 3517 690 3583 Aen.
714 3513 791 3596 VII,
816 3515 898 3581 elo:
921 3516 1030 3596 „Tum
1055 3519 1181 3601 gemini
1204 3520 1320 3585 fratres

176 3637 364 3707 Triburtie
396 3644 528 3708 moeniis
550 3644 723 3727 linquunt,
748 3644 875 3707 Fratris
901 3642 1034 3708 Tiburti
1057 3645 1179 3709 dietam
1202 3664 1317 3728 eogno-

183 3768 284 3832 mine
307 3773 439 3851 gentem
464 3767 670 3851 Catillusque
693 3788 832 3851 eoerque
851 3767 964 3846 Coros,
985 3759 1316 3853 Argive‘juventus'fi

182 3893 232 3957 of.
257 3889 317 3971 xl,
343 3895 418 3972 sos,
444 3895 517 3973 eos,
545 3895 620 3958 elo.

238 4016 334 4099 Apud
358 4017 512 4082 Solinum
535 4039 585 4102 op.
612 4023 641 4099 2,
669 4021 697 4097 7,
725 4021 804 4083 haee
827 4020 1035 4084 invenimus:
1054 4021 1183 4098 „Tibur
1201 4027 1312 4086 autem

186 4143 275 4205 siout
304 4140 388 4206 Cato
419 4144 648 4208 testimonium
680 4144 757 4208 fauit
795 4162 815 4205 e
847 4142 968 4208 Catillo
996 4144 1129 4225 Arcade,
1152 4147 1316 4228 praelecto
