2956 5040
801 387 844 447 44

275 596 326 659 vel
351 595 585 672 Macedoniam,
612 595 781 659 Arcadiam
808 596 939 658 fortasse
963 594 1078 676 petivit
1098 613 1174 657 cum
1194 591 1388 669 Penatibus,

275 728 375 803 patre,
400 720 465 785 filio
488 722 727 805 comitibusque
750 723 791 785 ad
815 721 946 783 Italiam
971 720 1110 803 appulit,
1137 719 1193 782 ubi
1216 718 1386 781 Juliorum

275 846 403 928 generis
423 852 545 924 auctor,
569 842 689 909 Latino
710 847 780 928 agri
801 844 958 909 Laurenti
980 863 1053 926 rege
1066 845 1197 920 occisso,
1212 844 1246 905 in
1260 843 1387 926 proelio

277 990 354 1033 cum
394 970 505 1036 Turno
540 991 701 1054 nusquam
739 970 933 1052 comparuit,
969 989 1067 1053 quam
1106 969 1147 1032 ob
1181 987 1316 1031 causam
1353 969 1386 1030 in

277 1095 412 1160 deorum
444 1116 621 1161 numerum
653 1096 774 1160 relatus
805 1101 863 1158 est.
888 1095 977 1158 Haec
1000 1099 1130 1176 praeter
1153 1096 1221 1176 eJus
1244 1099 1387 1157 mortem

278 1227 310 1285 et
348 1219 504 1285 circitorum
544 1227 737 1305 argumenta
780 1241 909 1304 quoque
951 1219 1104 1284 Aeneidis
1144 1228 1232 1297 sunt,
1267 1220 1389 1303 quibus

277 1355 375 1431 poeta
413 1349 532 1412 multas
564 1349 646 1410 alias
679 1347 816 1425 fabulas,
852 1348 974 1429 partim
1012 1346 1053 1409 ad
1086 1347 1217 1410 Aeneae
1251 1346 1389 1409 comites

277 1480 457 1557 spectantes
490 1475 608 1558 partim
641 1474 776 1550 alienas,
807 1473 990 1555 conjunxit.
1022 1471 1184 1536 Fabulam
1208 1472 1249 1535 de
1271 1469 1388 1534 Aenea

279 1598 443 1684 Vergilius
465 1601 613 1663 narravit-
636 1601 696 1663 hoc
721 1601 833 1664 modo:
855 1600 942 1663 luno
962 1599 1111 1662 Aeneam
1133 1600 1211 1676 odit,
1225 1617 1293 1662 non
1308 1598 1389 1682 quia

278 1744 356 1807 erga
389 1745 422 1788 se
456 1726 613 1807 peccavit,
644 1725 699 1789 sed
730 1726 808 1809 quia
841 1731 878 1787 ut
900 1727 969 1807 eJus
990 1725 1110 1806 posteri
1134 1723 1288 1802 Romam,
1314 1720 1389 1786 Gar·

279 1850 421 1933 thaginis
442 1851 633 1933 perniciem,
656 1850 833 1914 conderent
857 1851 930 1912 fatis
949 1850 1167 1913 constitutum
1186 1856 1266 1913 erat.
1279 1849 1389 1913 Undis

279 1976 590 2061 tempestatibusque
603 1978 763 2059 jactatum
785 1974 932 2039 Aeneam
952 1976 1109 2038 carminis
1129 1975 1225 2038 initio
1238 1995 1258 2059 a
1271 1975 1390 2038 Sicilia

278 2098 514 2184 Carthaginem
546 2101 724 2165 adductum
755 2101 915 2178 videmus,
942 2102 998 2164 ubi
1026 2097 1107 2165 Dido
1132 2101 1264 2182 reginae
1286 2121 1388 2164 suum

277 2226 504 2292 calamitosum
537 2229 601 2292 iter
623 2228 804 2310 Trojaeque
828 2228 993 2290 excidium
1017 2233 1140 2290 narrat.
1165 2227 1234 2290 Hac
1256 2228 1390 2292 itineris

278 2372 371 2416 mora
392 2358 487 2436 poeta
512 2354 561 2415 ita
584 2354 690 2416 utitor
714 2357 753 2416 ut
775 2351 920 2416 Aeneam
944 2353 985 2415 ad
1008 2352 1080 2417 loca
1098 2352 1219 2415 tabulis
1238 2353 1390 2437 antiquis

276 2479 417 2542 celebria
450 2479 599 2542 adducat.
633 2476 745 2559 Quum
780 2479 843 2542 iter
878 2498 975 2541 suum
1010 2497 1140 2562 pergere
1171 2483 1304 2543 coactus
1330 2490 1390 2556 est,

277 2600 360 2667 Dido
388 2622 500 2667 amore
530 2610 624 2686 capta
653 2623 730 2667 eum
762 2609 955 2680 exsecratur,
979 2604 1041 2667 sibi
1065 2623 1179 2667 necem
1204 2605 1388 2668 consciscit.

275 2729 401 2793 Iterum
432 2731 474 2792 ad
503 2730 649 2794 Siciliam
673 2731 823 2813 pervenit
846 2736 879 2794 et
902 2731 945 2793 ab
968 2728 1083 2793 Aceste
1105 2736 1265 2813 acceptus,
1289 2730 1389 2796 ludos

276 2857 311 2918 in
337 2856 498 2920 Anchisae
522 2857 676 2921 honorem
697 2855 852 2932 instituit,
874 2857 993 2939 quibus
1013 2856 1128 2919 ludum
1142 2857 1389 2941 Trojaeadjun·

257 2983 333 3065 git.
356 2981 438 3046 Inde
461 2981 583 3046 Cumas
602 2985 685 3067 petit
705 2983 916 3068 Sibyllaeque
936 2981 1070 3047 consilio
1093 2983 1247 3045 motusiu
1261 2981 1387 3048 Orcum

276 3108 439 3173 descendit
462 3117 497 3172 ut
519 3114 643 3191 patrem
667 3109 866 3186 videat,nbi
887 3127 1047 3171 unacum
1070 3109 1224 3172 heroibus
1245 3112 1389 3174 mortuis

276 3232 485 3310 Graecorum,
506 3235 593 3298 viros
612 3233 778 3297 Romanos
797 3234 976 3316 aliquando
996 3234 1100 3297 claros
1116 3235 1243 3298 futuros
1256 3237 1388 3317 aspicit.

277 3360 401 3424 Deinde
425 3381 534 3423 rursus
557 3361 663 3424 altum
691 3361 771 3444 petit
795 3366 827 3423 et
849 3379 908 3443 per
930 3358 1079 3441 Gajetam
1101 3360 1142 3423 ad
1163 3359 1290 3423 Tiberis
1302 3360 1390 3424 ostia

275 3487 420 3571 appellit.
445 3486 572 3550 Aeneas
597 3488 717 3550 mensis
739 3507 759 3549 a
779 3487 953 3549 comitibus
973 3486 1185 3567 comsumptis
1204 3505 1237 3549 se
1250 3485 1387 3550 fatalem

277 3620 396 3677 terram
428 3614 572 3696 attigisse
604 3615 705 3677 sentit
737 3614 924 3696 legatosque
947 3613 987 3675 ad
1011 3610 1165 3675 Latinum
1190 3612 1310 3688 mittit,
1328 3615 1389 3696 qui

275 3758 334 3801 sua
356 3746 470 3821 sponte
492 3739 594 3801 liliam
615 3759 709 3802 suam
721 3739 896 3801 Laviniam
911 3740 941 3802 ei
954 3757 1088 3802 uxorem
1102 3738 1286 3821 despondet,
1299 3759 1390 3822 quae

275 3865 404 3946 sponsio
428 3883 525 3927 causa
548 3870 595 3927 est
618 3864 695 3928 belli
718 3865 806 3928 inter
830 3863 976 3927 Aeneam
998 3870 1030 3926 et
1050 3864 1209 3941 Turnum,
1223 3864 1388 3931 Laviniae

275 4009 442 4073 sponsum,
473 3991 526 4052 cui
557 3990 667 4053 Latini
692 3991 734 4054 ob
757 4009 889 4053 cervum
914 3990 1127 4052 vulneratum
1151 3990 1232 4053 duce
1254 3990 1388 4072 Tyrrhe

276 4116 438 4198 multique
470 4114 528 4177 alii
558 4133 648 4197 reges
678 4115 892 4178 auxiliantur.
923 4111 984 4176 Ille
1014 4120 1124 4177 autem
1150 4114 1298 4178 Tiberini
1324 4116 1388 4181 Dei

275 4242 403 4305 monitu
426 4241 488 4303 sibi
512 4241 615 4304 socios
638 4246 732 4325 parat
755 4247 786 4303 et
809 4259 866 4303 sue
888 4239 964 4302 alba
987 4259 1061 4302 cum
1085 4240 1220 4322 triginta
1239 4242 1386 4322 porculis

275 4365 411 4428 inventa
440 4366 631 4429 Evandrum
655 4367 733 4443 adit,
758 4366 815 4451 qni
838 4366 869 4428 ei
892 4361 1018 4429 Romae
1043 4366 1208 4449 regionem
1232 4367 1388 4449 ostendit,
