2956 5040
721 350 760 406 ’νδ

178 564 232 620 tus
253 559 297 620 sit
321 577 437 639 rogare
459 559 622 639 cogimur.
646 554 772 618 Mirum
797 558 996 638 figmentum
1020 556 1074 619 hio
1098 556 1308 621 offendimus.

221 681 352 746 Danaes
386 683 533 745 tabulam
569 684 665 745 nobis
694 694 933 744 oommentator
965 681 1138 765 Apollonii
1172 682 1309 758 Rhodii,

174 807 253 889 Arg.
282 805 343 881 IV,
376 807 473 881 1091,
507 807 660 869 tradidit:
687 804 881 881 „dssoeilng
903 805 934 866 ἕν
960 804 1117 884 δεδαίαται
1138 805 1250 884 ἱστορεῖ
1270 804 1311 876 ὡς

173 931 318 1008 ’Λαρίτιας
347 939 444 1007 γαμεῖ
476 932 644 1009 meudina,
680 933 733 1002 τὴν
768 930 1000 1005 Amaia-123,
1039 934 1095 992 τῶν
1128 931 1160 993 δὲ
1192 930 1310 1007 γίνεται

175 1055 302 1128 Δανάη.
391 1057 430 1119 ‘0
458 1056 641 1140 (Δαρίτας)
667 1056 699 1118 δὲ
722 1057 754 1118 αὖ
777 1055 915 1126 τείνεται,
938 1055 1011 1118 α’λλ’
1036 1056 1067 1125 ἒς
1090 1054 1228 1134 Linum
1248 1057 1309 1133 ε’μ-

174 1179 297 1260 βιβὶζει
318 1180 411 1252 alrif)
437 1179 602 1265 (Δανένςν)
628 1180 710 1256 μετὰ
732 1184 785 1242 τσῦ
807 1179 913 1250 nida·
938 1178 1123 1263 (Περσέως),
1146 1178 1200 1242 καὶ
1224 1179 1309 1242 αναί-

177 1329 235 1376 σας
256 1311 446 1368 αατατσντσῖ.
471 1304 531 1367 Καὶ
553 1303 705 1383 φερόμεναι
726 1305 920 1382 ἀφικνῶνται
942 1305 983 1374 εἰς
1008 1303 1132 1384 Σέριφον
1143 1304 1199 1376 τὴν
1210 1312 1309 1378 νῆσνν·

176 1429 229 1494 καὶ
261 1431 368 1500 αὐτοὺς
398 1426 508 1503 ἕξέλκει
540 1430 651 1499 dim,-
674 1427 688 1491 ἓ
712 1428 902 1507 Περιτνέναις,
926 1429 1032 1509 διατύςιι
1052 1428 1204 1493 imolas.
1228 1425 1310 1494 Εἶτα

178 1558 197 1628 ἦ
223 1554 328 1626 Δανάη
351 1551 467 1627 ἀνοῖξαι
489 1552 607 1616 inercia
628 1553 682 1624 τὴν
704 1552 848 1631 λάρνακα.
872 1553 911 1616 ‘0
931 1554 973 1626 δὲ,
995 1549 1190 1626 &adasai
1203 1555 1309 1630 μαθὼν

183 1678 282 1752 αἵτινές
304 1680 384 1751 εἰσιν,
408 1677 476 1756 ἄγει
498 1679 538 1750 εἷς
559 1678 614 1748 τὴν
635 1672 719 1754 olm,
742 1676 795 1740 καὶ
816 1677 916 1757 τρέφει
932 1680 971 1749 ὥς
990 1677 1028 1741 ἂν
1044 1686 1201 1756 συγγενεῖς
1212 1680 1308 1744 αὐτοῦ

180 1804 298 1876 ἕντας.”
320 1806 445 1868 Eodem
469 1806 536 1866 fere
559 1801 657 1867 modo
682 1804 762 1866 haec
780 1803 998 1885 Apollodorus
1016 1806 1053 1866 in
1072 1802 1248 1884 Βιβλιναήαν
1260 1806 1306 1884 Π,

182 1931 212 2006 2,
238 1930 268 2006 1,
292 1931 314 1989 4
336 1934 461 1990 narrat.

225 2050 374 2129 Ovidius,
394 2071 601 2133 quamquam
620 2070 717 2132 saepe
737 2051 874 2113 Danain
886 2058 1126 2115 commemorat
1138 2073 1304 2136 nusquam

177 2181 248 2261 ejus
265 2179 303 2240 in
326 2178 462 2240 Italiam
489 2177 670 2239 adventum
696 2177 808 2238 tradit.
828 2177 962 2238 Turnus
984 2177 1109 2257 ubique
1128 2176 1160 2240 ei
1179 2197 1238 2241 rex
1257 2182 1305 2243 est

181 2301 385 2367 Rutulorum
416 2302 456 2365 de
478 2305 573 2384 eujus
596 2308 696 2383 gente
720 2299 804 2363 nihil
828 2307 953 2379 narrat,
977 2303 1042 2364 nisi
1065 2303 1155 2384 quod
1181 2303 1305 2386 legitur

184 2431 272 2492 Fast.
296 2429 324 2506 Ι,
348 2430 431 2491 463:
454 2429 586 2505 „Turni
605 2427 714 2491 soror’'
735 2430 757 2489 i.
770 2447 798 2491 e.
810 2428 965 2507 Juturna,
978 2433 1012 2491 et
1023 2425 1082 2503 IV,
1096 2427 1178 2489 879:
1192 2476 1212 2505 ‚,
1222 2427 1304 2492 Tur·

181 2574 246 2616 nus
278 2574 323 2615 au
360 2553 488 2616 Aeneas
522 2553 639 2615 Latiae
670 2572 773 2634 gener
803 2553 946 2614 Amatae
977 2551 1104 2615 bellum
1128 2551 1231 2617 erat’'.
1256 2553 1304 2616 De

180 2677 290 2740 Ardea
312 2678 454 2759 legimus
476 2678 553 2740 Met.
578 2675 668 2753 XIV,
695 2677 776 2738 573:
800 2674 931 2752 „Cadit
953 2675 1074 2754 Ardea,
1096 2676 1209 2740 Turno
1234 2679 1305 2742 Sos-

179 2804 248 2885 pite
264 2803 359 2892 ¹diota
380 2808 507 2884 potens.
531 2800 641 2881 Quam
663 2807 833 2884 postquam
856 2801 1029 2863 Dardanus
1048 2802 1136 2883 ignis
1148 2802 1304 2878 Abstulit,

179 2933 213 2991 et
247 2929 359 3009 tepida
396 2927 564 2990 latuerunt
595 2933 680 2990 tecta
710 2927 836 3002 favilla,
869 2925 1029 3008 congerie
1058 2925 1209 2991 emedio
1232 2934 1303 2991 tum

178 3054 327 3133 primum
351 3053 485 3134 cognita
505 3070 640 3133 praepes
660 3052 820 3114 Subvolat
821 3096 922 3127 .....
935 3070 1056 3115 nomen
1068 3071 1200 3134 quoqne
1213 3072 1303 3115 man-

179 3174 220 3238 sit
243 3174 277 3237 in
302 3175 362 3237 illa
384 3175 503 3238 Urbis:
527 3176 653 3256 etipsa
676 3176 744 3236 suis
768 3174 980 3257 deplangitur
1003 3175 1113 3238 Ardea
1135 3174 1233 3240 alis.''

223 3298 402 3380 Dionysius
426 3300 528 3364 tradit
549 3299 576 3374 Ι,
600 3299 658 3362 72:
679 3346 699 3374 ‚,
710 3295 873 3376 Ξεναγόρας
884 3297 1147 3378 δὲὸσνγγραφεύς
1169 3299 1300 3385 (φασιν)

179 3421 348 3494 Ὀδυσσέως
370 3420 423 3485 καὶ
447 3421 551 3501 Κίρκης
574 3420 649 3492 υἱοὺς
671 3419 805 3498 γενέσθαι
827 3427 913 3500 τρεῖς,
938 3423 1059 3499 Ῥαμσν,
1080 3422 1212 3496 Ἀντίαν,
1234 3424 1303 3503 Ἀρ-

178 3545 257 3620 δὲαν,
282 3547 441 3618 οἰκίσαντες
464 3547 496 3610 δὲ
518 3553 594 3627 τρεῖς
617 3544 715 3616 πόλεις
738 3547 797 3626 ἀφ’
822 3547 931 3610 ἑαυτῶν
955 3547 1050 3612 θέσθαι
1074 3556 1136 3621 τοῖς
1160 3549 1303 3628 κτίσμασι

177 3669 234 3742 τὰς
255 3668 448 3747 brogarias?

223 3796 275 3858 Ita
313 3815 354 3859 ne
388 3795 545 3878 aequales
574 3797 708 3878 quidem
743 3794 882 3880 Vergilii
905 3817 1014 3879 neque
1038 3799 1078 3862 de
1101 3796 1221 3864 Dauno
1247 3802 1305 3866 hoo

181 3940 288 4003 neque
323 3922 363 3984 de
400 3918 524 3997 Danae,
559 3941 643 4002 quae
680 3923 821 3984 Ardeam
856 3924 1065 4000 condidisset,
1100 3925 1302 3991 mentionem

179 4047 316 4122 faciunt,
340 4049 374 4107 et
396 4049 492 4126 potita
514 4051 626 4108 noster
645 4064 685 4108 ex
707 4047 879 4109 nominum
898 4047 1118 4112 similitudine
1139 4049 1220 4111 haee
1238 4050 1302 4131 pri·

180 4189 255 4232 mus
286 4171 369 4231 mihi
404 4169 604 4252 lepidissime
627 4170 760 4234 finxisse
784 4171 926 4247 videtur,
953 4177 990 4234 ut
1013 4173 1179 4236 illustrem
1204 4174 1300 4256 origi·

182 4311 257 4355 nem
283 4293 396 4355 'furno
421 4293 523 4355 etiam
549 4313 569 4354 a
593 4294 696 4374 patris
716 4300 809 4375 parte
831 4295 1009 4377 affingeret.
1031 4297 1155 4375 Danae,
1176 4298 1300 4361 inaroa
