2956 5040
659 385 699 448 Al

126 591 251 657 Aeneas
283 613 461 676 omnesque
485 594 688 658 Albanorum
713 615 803 678 reges
827 602 860 660 et
884 598 1032 660 conditor
1057 599 1145 662 urbis
1170 597 1232 662 Ro·

126 718 243 797 mulus,
279 724 350 800 post
385 718 506 783 Sabina
538 720 693 783 nobilitas
721 727 909 816 ceteraeque
932 721 1143 786 Claudiorum
1171 722 1232 785 elfi-

121 844 191 925 gies
220 844 316 926 longo
347 845 458 918 ordine
482 846 735 927 spectarentnr'',
760 852 792 910 et
817 848 856 910 de
880 847 1009 911 Nerone
1033 846 1131 927 (Anu.
1157 845 1231 923 XII,

124 969 177 1049 58)
201 968 315 1046 „Nero
317 1016 413 1047 .....
438 991 535 1035 causa
558 970 731 1036 Iliensium
755 979 903 1056 suscepta
923 974 1111 1038 Romanum
1136 974 1234 1058 Troja

123 1095 296 1157 demissum
322 1101 355 1159 et
377 1097 484 1159 Julian
508 1098 616 1179 stirpis
639 1104 804 1162 auctorem
828 1099 974 1162 Aeneam
996 1099 1126 1181 aliaque
1147 1101 1232 1162 hand

123 1220 237 1300 procul
261 1221 381 1283 fabulis
406 1221 544 1285 facunde
568 1229 736 1285 exsecutus
755 1229 920 1306 perpetrat
941 1228 977 1286 ut
998 1225 1089 1287 omni
1101 1224 1233 1306 publico

125 1364 263 1409 munere
287 1347 524 1410 solverentur.”

169 1467 260 1547 Quae
291 1470 403 1535 omnia
433 1473 548 1536 docent
574 1473 680 1536 Julios
703 1474 828 1556 origine
854 1473 984 1537 Aeneae
1007 1474 1142 1557 gloriari
1165 1494 1232 1538 non

124 1597 282 1673 omisisse,
305 1599 360 1662 sed
384 1599 433 1662 his
453 1600 620 1663 exstinctis
640 1600 786 1663 fabulam
800 1619 932 1682 quoque
945 1600 1138 1663 exstinctam
1153 1619 1231 1663 esse.

169 1723 228 1785 His
262 1723 392 1786 fabulae
422 1725 621 1788 testimoniis
650 1745 725 1788 cum
752 1726 962 1808 temporibus,
987 1726 1106 1807 quibus
1128 1726 1233 1789 crevit

123 1854 157 1911 et·
187 1851 333 1926 evannit,
358 1851 554 1933 comparatis
578 1871 674 1915 nerno
698 1872 764 1916 non
788 1853 879 1916 videt
903 1852 1048 1914 fabulam
1074 1852 1232 1916 Aeneiam

120 1975 210 2056 justo
237 1978 310 2057 jure
332 1975 496 2039 Juliorum
522 1977 667 2041 tabulam
693 1978 758 2041 dici
783 1996 883 2060 posse,
908 1978 976 2058 qui,
1001 1977 1062 2040 sibi
1089 1976 1231 2040 Aeneam

125 2100 365 2181 progenitorem
391 2102 603 2180 vindicantes,
627 2103 661 2164 in
687 2105 756 2185 ejus
776 2103 908 2166 honoris
929 2100 1184 2185 amplificatione
1202 2110 1234 2167 et

125 2226 177 2287 sni
199 2227 325 2308 generis
346 2226 486 2309 gloriam
511 2233 543 2291 et
566 2248 659 2291 suam
684 2228 925 2310 quaesiverunt.

172 2348 254 2414 (lom
280 2354 338 2415 bac
362 2354 515 2435 opinione
538 2354 602 2415 viri
626 2354 713 2417 docti
736 2354 955 2417 consentiunt.
981 2352 1099 2416 Miiller
1121 2361 1230 2418 autem

126 2482 159 2541 et
189 2476 342 2556 Klansen,
374 2480 430 2560 qui
462 2478 608 2542 Aeneam
634 2480 808 2561 praecipue
831 2497 889 2559 per
911 2476 1035 2541 Cumas
1059 2479 1233 2561 Sibyllinis

126 2605 222 2667 libris
256 2605 396 2669 Romam
432 2605 618 2682 advectum,
650 2605 857 2686 Bamberger‚
886 2604 1080 2687 Schwegler‚
1111 2606 1234 2668 Preller
1285 2641 1290 2656 ·

126 2736 159 2793 et
189 2731 277 2809 Hild,
308 2732 365 2813 qni
395 2751 470 2795 enm
503 2749 560 2813 per
589 2730 731 2793 Ardeam
763 2730 1010 2811 Laviniumque
1033 2730 1234 2812 Aphrodites

126 2858 216 2921 cultu
241 2877 279 2921 eo
302 2859 536 2934 transductum,
561 2856 704 2933 Rubino,
728 2857 786 2938 qui
806 2853 920 2918 iliadis
940 2855 1087 2920 Athenae
1107 2857 1233 2920 cultum

126 3004 254 3066 quoque
285 2985 425 3066 adhibet,
454 3004 569 3048 ornnes
598 2984 750 3065 deniqne,
781 2983 839 3064 qui
871 3001 944 3045 enm
976 2982 1088 3064 priscis
1111 2988 1233 3065 tempo·

125 3111 218 3173 ribus
251 3107 284 3172 in
322 3110 420 3172 italia
454 3109 565 3192 aliquo
598 3110 720 3172 honore
748 3108 802 3171 vel
828 3108 919 3171 cultu
943 3108 1095 3171 affectum
1120 3109 1235 3172 dicunt

127 3235 236 3299 oleum
265 3241 298 3299 et
321 3255 452 3318 operam
477 3235 611 3317 perdere
636 3235 718 3296 milri
743 3234 904 3297 videntur.
929 3232 1072 3297 Nomina
1095 3235 1234 3316 antiqui·

126 3366 228 3424 tatem
265 3360 453 3439 redolentia,
489 3361 676 3435 Lavinium,
711 3359 895 3435 Numicius,
927 3359 1077 3436 Penates,
1107 3361 1236 3444 Indiges

128 3488 259 3570 aliaque
289 3507 344 3551 eos
374 3489 595 3569 perduxerunt
622 3493 659 3550 ut
684 3506 774 3549 mera
798 3486 982 3570 posterioris
1007 3488 1161 3569 temporis
1182 3488 1235 3569 fig·

131 3620 252 3690 menta,
276 3634 359 3696 quae
391 3614 510 3677 diversi
536 3614 690 3695 temporis
715 3610 861 3676 homines
886 3610 1015 3676 Aeneae
1038 3612 1235 3692 indiderunt,

128 3759 185 3822 pro
207 3739 303 3802 rebus
316 3740 401 3802 veris
413 3738 512 3820 prisci
525 3738 679 3820 temporis
691 3735 856 3800 haberent.
870 3737 1009 3820 Vergilii
1023 3738 1237 3821 Dionysiique

129 3866 317 3929 testimonia
351 3885 484 3928 suarum
521 3864 778 3946 inquisitionum
816 3864 1036 3926 fundamunta
1072 3864 1237 3942 facientes,

128 3991 246 4055 deinde
269 4010 307 4054 ea
331 3991 571 4072 antiquioribus
595 3989 895 4072 recentioribusque
918 3990 1052 4053 testibus
1074 3997 1238 4067 ornantes,

129 4136 368 4200 nonnunquam
390 4117 636 4200 Lycoplrronem
659 4122 691 4179 et
711 4115 875 4194 Trebam,
889 4117 1036 4181 tabulam
1057 4119 1190 4182 Iliacam
1205 4125 1237 4183 et

129 4240 335 4318 Suetonium,
360 4238 493 4305 Catonis
513 4241 665 4324 Origines
685 4248 716 4304 et
738 4241 888 4304 Servium
912 4242 1120 4325 Paulumque
1132 4262 1237 4324 aequa

129 4367 246 4432 fiducia
269 4369 416 4444 citantes,
437 4388 477 4431 ex
498 4369 546 4431 bis
559 4367 701 4431 Aeneiae
717 4366 847 4430 fabulae
863 4368 1029 4430 historiam
1043 4371 1240 4437 conflarunt.
