2956 5040
309 108 405 196 Verg.
441 112 523 178 Aen.
556 111 630 192 VII,
667 115 747 178 691:
781 163 800 191 „
811 114 855 178 At
877 114 1053 198 Messapus,
1077 134 1200 198 equum
1224 114 1379 192 domitor,

267 237 435 322 Neptunia
463 239 581 323 proles,
613 238 721 321 Quem
747 260 854 323 neque
878 241 924 304 fas
947 241 1017 324 igni
1041 239 1195 324 cuiquam
1220 259 1279 304 nec
1302 246 1379 303 ster·

267 383 343 430 nere
372 365 468 444 ferro,
499 367 574 429 Jam
607 367 734 449 pridem
768 368 888 431 resides
909 367 1047 450 populos
1071 368 1268 449 desuetaque
1291 367 1378 431 bello

267 489 410 574 Agmina
432 492 468 555 in
490 511 585 555 arma
608 496 705 558 vocat
727 494 848 571 subito,
870 493 1059 575 ferrumque
1081 492 1271 556 retractat.”

309 617 406 682 Unde
447 623 544 701 potita
581 619 768 702 Messapum
810 620 916 699 illum,
952 638 1062 710 regem
1097 619 1378 685 Fescenninorum

266 742 485 827 aliorumque,
512 743 667 827 petiverit
692 746 728 807 in
753 745 896 809 enatus
913 746 1011 827 jacet.
1033 742 1084 808 Ne
1107 748 1379 809 commentatores

266 869 398 952 quidem
431 869 540 934 lucem
575 871 723 935 afferunt
759 869 892 934 Servius
921 888 1007 953 quae
1036 871 1212 934 invenerat
1241 872 1377 954 repetit:

266 995 357 1073 „Hic
378 995 544 1080 Messapus
567 1015 626 1080 per
649 1016 740 1062 mare
763 998 805 1062 ad
830 994 964 1061 Italiam
987 998 1090 1061 venit.
1113 995 1210 1060 Unde
1230 995 1378 1079 Neptuni

267 1118 371 1186 dictus
393 1127 442 1187 est
463 1123 560 1202 filius,
583 1143 686 1207 quem
708 1123 992 1189 invulnerabilem
1010 1122 1084 1187 ideo
1104 1123 1195 1203 dicit,
1208 1123 1375 1205 quianus-

87 1252 92 1293 ἓ
160 1309 161 1312 ,
267 1265 365 1330 qnam
399 1247 498 1332 periit
531 1268 592 1313 nec
625 1250 662 1312 in
696 1249 795 1314 bello.
826 1250 939 1333 Ignem
972 1255 1084 1314 autern
1115 1251 1147 1315 ei
1169 1268 1285 1314 nocere
1308 1270 1375 1314 non

268 1390 353 1455 posse
383 1379 515 1458 propter
545 1374 737 1459 Neptunum
761 1376 852 1455 dicit,
875 1376 1116 1459 quiaqnarum
1139 1375 1298 1440 deusest.
1322 1375 1375 1440 Ab

268 1495 322 1565 hoo
353 1500 485 1564 Ennius
507 1500 587 1564 dicit
608 1519 642 1564 se
665 1501 826 1584 originem
848 1500 997 1566 ducere.’'
1019 1502 1148 1565 Ennius
1172 1506 1282 1565 tamen
1305 1503 1375 1585 ipse

264 1626 442 1691 cecinerat:
464 1625 560 1704 „Nos
582 1626 690 1691 sumu’
713 1626 866 1706 Romani,
891 1626 946 1711 qui
971 1626 1095 1690 fuimns
1114 1634 1192 1693 ante
1211 1626 1376 1708 Rudini'’;

247 1749 373 1836 itaque
403 1752 443 1817 de
473 1754 622 1836 Messapo
654 1754 821 1837 cogitavit,
854 1755 914 1837 qui
944 1772 1065 1817 nomen
1088 1773 1184 1817 suum
1209 1753 1377 1838 Messapiis

113 1918 116 1923 -
244 1875 358 1958 dedit,
387 1879 427 1943 cf.
458 1879 565 1944 Strab.
595 1879 655 1958 IX,
689 1879 764 1959 405,
794 1879 881 1945 Plin.
914 1876 1000 1943 N.H.
1031 1878 1091 1957 III,
1122 1880 1173 1958 99,
1206 1880 1310 1944 Solin.
1331 1881 1374 1960 Π,

235 2001 315 2066 12.
336 2001 448 2085 Quum
471 2006 577 2089 pergit
600 2005 753 2069 Servios:
778 2006 896 2084 „unde
921 2005 975 2088 (ab
998 2005 1117 2088 Manio)
1138 2026 1228 2070 nunc
1247 2011 1280 2070 et
1300 2026 1374 2070 can-

116 2116 119 2121 ’
229 2130 367 2196 tantas
399 2132 528 2196 inducit
558 2133 628 2215 ejus
657 2133 758 2196 socios
790 2138 823 2196 et
854 2151 909 2195 eos
932 2137 1101 2214 comparat
1123 2131 1265 2214 cyenis'’‚
1291 2133 1375 2196 mihi

220 2270 368 2323 errare
404 2258 543 2322 videtur.
577 2257 619 2321 Hi
651 2259 740 2320 enim
772 2259 852 2322 socii
883 2278 950 2323 non
982 2278 1022 2322 ex
1052 2258 1160 2321 Ennio
1191 2258 1245 2321 sed
1274 2259 1373 2322 eFe·

215 2386 425 2449 scenninis
448 2387 527 2468 ipsis
538 2385 735 2464 „canentes”
748 2387 911 2450 nominati
927 2386 1011 2449 mihi
1024 2387 1187 2463 videntur,
1200 2386 1374 2469 dequibus

210 2502 332 2585 ipse
351 2516 488 2575 annotat
512 2511 593 2573 695:
613 2511 863 2587 „Fescennium
885 2512 1041 2595 oppidum
1062 2516 1119 2590 est,
1140 2509 1197 2576 ubi
1209 2512 1374 2595 nuptialia
1432 2587 1437 2597 ³

211 2625 398 2700 iuventa
427 2643 506 2700 sunt
527 2632 704 2713 carmina’',
729 2638 769 2700 de
792 2637 914 2719 quibus
939 2636 1096 2700 Horatius
1118 2637 1289 2719 scripserat
1312 2637 1372 2720 Ep.

213 2746 278 2831 Π,
336 2760 361 2839 1,
386 2763 465 2825 145:
489 2811 509 2839 „
519 2759 722 2826 Fescennina
740 2781 799 2844 per
822 2763 908 2826 hunc
933 2764 1064 2826 invecta
1087 2762 1222 2826 lieentia
1245 2781 1371 2827 morem

224 2879 393 2961 (messes
415 2888 607 2971 celebratas)
628 2888 785 2952 Versibus
805 2889 941 2952 alternis
953 2889 1110 2971 opprobia
1121 2890 1242 2952 rustica
1254 2888 1371 2952 fudit.”

288 3006 363 3075 Sic
381 3014 517 3098 Messapi
541 3034 662 3079 nomen
684 3034 795 3078 rursus
816 3015 936 3078 exalia
949 3015 1062 3080 fabula
1074 3016 1251 3098 depromsit
1263 3020 1369 3098 potita.
