2956 5040
796 322 815 382 2

239 534 433 597 militudine
456 539 548 597 ortae
573 533 656 595 mihi
680 531 845 595 videntur.
868 528 981 610 Quum
1006 531 1094 594 enim
1120 528 1169 592 illi
1195 530 1375 594 Romano-

238 678 315 720 rum
349 659 404 723 vel
431 679 482 723 res
506 663 596 722 actas
621 657 674 721 vel
700 656 939 738 mythologiam
966 657 1182 720 describentes
1207 661 1297 719 totas
1325 657 1375 718 fa-

240 784 338 846 bulas
369 785 455 847 sicut
487 783 667 865 aliquando
691 781 982 845 circumferrentur
1005 781 1228 858 narraverint,
1255 781 1375 869 miuus

240 912 371 991 tempus
392 913 597 972 curaverunt
615 926 716 989 quam
741 926 793 969 me
814 907 947 970 decebat
959 907 1012 968 cui
1026 906 1212 968 tabularum
1227 905 1375 982 formae,

240 1051 325 1114 quas
357 1032 527 1114 Vergilius
557 1033 742 1108 invenerat,
774 1030 1024 1112 investigandae
1055 1034 1150 1093 erant
1183 1033 1219 1092 ut
1249 1031 1288 1092 in
1320 1029 1372 1094 his

241 1157 321 1239 quid
344 1161 404 1220 aut
426 1157 612 1220 servaverit
634 1162 693 1219 aut
717 1156 899 1219 mutaverit
923 1156 1168 1219 constituerem.
1190 1152 1288 1234 Quod
1310 1157 1371 1238 igi·

242 1286 298 1345 tur
332 1283 374 1345 iis
407 1283 484 1365 plus
519 1283 673 1346 minusve
706 1282 971 1364 praetermittere
1006 1282 1126 1344 licebat
1158 1281 1239 1343 mihi
1270 1301 1370 1366 saepe

241 1407 445 1488 quaestionis
474 1406 571 1470 cardo
600 1411 681 1484 erat,
705 1425 805 1487 quam
831 1406 872 1469 ob
897 1425 1029 1468 causam
1054 1405 1241 1469 accuratius
1264 1407 1369 1488 inspi-

242 1532 345 1596 cienti
369 1531 534 1595 nonnulla
559 1531 794 1595 memorabilia
816 1535 1039 1594 occurrerunt.
1064 1527 1177 1609 Quum
1200 1530 1268 1592 illis
1287 1531 1370 1596 Ver-

240 1657 342 1740 gilius
373 1663 406 1721 et
429 1654 585 1738 aequales
609 1657 868 1738 posterioresque
891 1655 1063 1737 scriptores
1086 1654 1192 1718 fontes
1215 1661 1326 1718 essent
1352 1675 1370 1719 e

242 1783 365 1865 quibus
397 1784 437 1845 iis
469 1783 661 1866 depromere
693 1782 807 1844 liceret
832 1800 919 1862 quae
949 1781 990 1843 ad
1014 1779 1201 1844 fabularum
1226 1779 1370 1864 descrip-

245 1907 369 1971 tionem
388 1908 587 1989 pertineant,
603 1906 687 1968 mihi
701 1906 843 1988 Vergilii
856 1906 1063 1968 narrationes
1074 1905 1156 1966 fines
1169 1908 1272 1980 erant,
1286 1924 1370 1986 quos

243 2051 488 2115 nonnunquam
514 2051 588 2094 sum
616 2050 762 2114 egressus
785 2036 824 2093 ut
847 2030 1051 2095 ostenderem
1073 2029 1154 2111 quid
1174 2031 1372 2112 posteriores

244 2160 417 2242 scriptores
441 2162 785 2238 commentatoresque
810 2157 851 2219 ad
875 2155 1054 2219 sententias
1074 2155 1172 2236 hujus
1192 2153 1265 2217 aevi
1285 2153 1372 2220 viro-

244 2304 320 2347 rum
352 2283 565 2360 contulerint,
594 2300 679 2364 quae
712 2285 824 2343 tamen
849 2285 1011 2361 tanquam
1037 2298 1205 2341 summum
1231 2279 1371 2360 inquisi·

247 2408 345 2472 tionis
371 2409 454 2471 mibi
478 2426 604 2488 semper
629 2411 707 2470 ante
731 2405 843 2469 oculos
868 2406 1012 2469 suerunt.

290 2534 343 2596 Sic
373 2551 534 2614 quaerens
568 2532 647 2613 qnid
679 2529 845 2612 Vergilius
873 2531 1051 2608 invenerit,
1075 2530 1152 2611 quid
1178 2532 1371 2608 mutaverit,

245 2657 325 2738 quid
350 2675 466 2718 revera
489 2656 622 2718 finxerit
643 2655 695 2718 vel
716 2655 811 2720 nobis
829 2656 961 2718 finxisse
981 2655 1140 2732 videatur,
1161 2656 1241 2737 quia
1252 2654 1373 2718 desunt

244 2780 301 2863 qui
334 2780 364 2843 ei
396 2779 502 2843 fontes
533 2780 676 2855 fuerant,
702 2780 787 2843 forte
811 2778 941 2843 fortuna
964 2781 1080 2843 ductus
1105 2780 1261 2862 indagavi
1285 2800 1373 2862 quae

246 2921 300 2966 eos
321 2922 563 2985 nonnunquam
586 2903 751 2985 fugerant.
772 2904 826 2965 Sic
847 2905 931 2967 ratio
952 2905 1024 2985 ipsa
1045 2905 1128 2967 mihi
1141 2904 1270 2969 videndi
1281 2925 1372 2970 occa·

245 3027 373 3090 sionem
395 3026 549 3106 praebuit
570 3045 656 3107 quae
677 3025 809 3089 fabulae
830 3027 1067 3089 florentissimis
1080 3027 1280 3108 reipublicae
1291 3033 1372 3092 tem·

246 3152 380 3234 poribus
398 3153 469 3233 jam
493 3150 646 3214 excultae
670 3156 778 3213 essent
799 3156 832 3215 et
854 3169 939 3231 quae
961 3151 1014 3215 vel
1035 3170 1054 3213 a
1074 3139 1231 3234 vergilia
1254 3153 1307 3216 vel
1329 3154 1371 3217 ab

245 3276 441 3356 aequalibus
457 3275 759 3357 posterioribusque
774 3275 930 3339 inductae
944 3276 979 3337 in
998 3277 1119 3358 vulgus
1131 3279 1372 3343 emanaverint.

249 3402 303 3464 Sic
315 3402 502 3465 accuratius
515 3401 705 3464 fabularum
722 3401 929 3465 incrementa
941 3409 974 3465 et
986 3402 1212 3466 additamenta
1223 3403 1373 3485 perspexi

249 3532 283 3589 et
306 3532 470 3608 quatenus
491 3523 670 3589 Caesarum
692 3527 794 3590 aetati
816 3527 1028 3590 attribuenda
1047 3532 1154 3591 esseut
1165 3528 1245 3590 vidi.
1259 3525 1373 3592 Obser-

249 3652 398 3715 vationes
432 3652 493 3714 hae
525 3671 592 3714 non
625 3651 720 3734 parvi
752 3650 920 3715 faciendae
950 3656 1038 3715 sunt.
1062 3651 1147 3737 Nam
1173 3671 1261 3715 nunc
1284 3657 1373 3733 patet

249 3780 329 3858 quot
353 3775 463 3837 cultus
487 3775 690 3857 fabulasque,
715 3794 735 3837 a
758 3776 974 3857 scriptoribus
997 3777 1094 3858 liujus
1117 3777 1192 3839 aevi
1213 3778 1286 3841 sine
1307 3778 1373 3840 ullo

252 3899 408 3980 temporis
429 3896 550 3962 indicio
572 3905 842 3977 commemorata,
864 3919 922 3962 nos
938 3902 1070 3964 florente
1088 3901 1371 3983 populoRomano

249 4022 373 4084 frustra
404 4023 588 4103 quaesituri
620 4023 734 4085 simus.
766 4022 922 4086 Nondum
957 4025 1082 4087 cultum
1108 4024 1240 4090 Aeneae
1265 4046 1374 4109 neque

250 4147 407 4223 Evandri,
432 4165 493 4209 nec
517 4148 665 4225 Danaen,
689 4149 724 4210 in
749 4167 825 4212 arca
850 4150 950 4212 maris
969 4151 1121 4214 fluctibus
1137 4153 1309 4234 jactatam,
1333 4152 1374 4215 ad

250 4270 384 4333 Italiam
407 4271 594 4352 appulsam,
626 4270 820 4354 Ardeaeque
843 4274 1058 4352 conditorem,
1083 4293 1190 4356 neque
1218 4276 1373 4341 Virbium
