<?xml version="1.0" encoding="UTF-8"?>
<!DOCTYPE html PUBLIC "-//W3C//DTD XHTML 1.0 Transitional//EN"
    "http://www.w3.org/TR/xhtml1/DTD/xhtml1-transitional.dtd">
<html xmlns="http://www.w3.org/1999/xhtml" xml:lang="en" lang="en">
 <head>
  <title>
</title>
<meta http-equiv="Content-Type" content="text/html;charset=utf-8" />
  <meta name='ocr-system' content='tesseract 3.04.00' />
  <meta name='ocr-capabilities' content='ocr_page ocr_carea ocr_par ocr_line ocrx_word'/>
</head>
<body>
  <div class='ocr_page' id='page_1' title='image "./quaestionesdefa00kindgoog_0141.png"; bbox 0 0 2956 5040; ppageno 0'>
   <div class='ocr_carea' id='block_1_1' title="bbox 771 63 829 125">
    <p class='ocr_par' dir='ltr' id='par_1_1' title="bbox 771 63 829 125">
     <span class='ocr_line' id='line_1_1' title="bbox 771 63 829 125; baseline -0.017 0"><span class='ocrx_word' id='word_1_1' title='bbox 771 63 829 125; x_wconf 88' lang='lat'><strong>100</strong></span> 
     </span>
    </p>
   </div>
   <div class='ocr_carea' id='block_1_2' title="bbox 237 267 1478 1483">
    <p class='ocr_par' dir='ltr' id='par_1_2' title="bbox 237 267 1478 1483">
     <span class='ocr_line' id='line_1_2' title="bbox 242 267 1344 350; baseline 0.001 -18"><span class='ocrx_word' id='word_1_2' title='bbox 242 269 463 333; x_wconf 87' lang='lat' dir='ltr'><strong>multitudinis</strong></span> <span class='ocrx_word' id='word_1_3' title='bbox 495 274 606 335; x_wconf 89' lang='lat' dir='ltr'><strong>coetus</strong></span> <span class='ocrx_word' id='word_1_4' title='bbox 640 275 689 334; x_wconf 86' lang='lat' dir='ltr'><strong>est</strong></span> <span class='ocrx_word' id='word_1_5' title='bbox 721 272 854 334; x_wconf 86' lang='lat' dir='ltr'><strong>flamma</strong></span> <span class='ocrx_word' id='word_1_6' title='bbox 887 271 1115 334; x_wconf 89' lang='lat' dir='ltr'><strong>circumdatus.</strong></span> <span class='ocrx_word' id='word_1_7' title='bbox 1151 267 1224 350; x_wconf 73' lang='lat' dir='ltr'><strong>Quo</strong></span> <span class='ocrx_word' id='word_1_8' title='bbox 1262 270 1344 333; x_wconf 86' lang='lat' dir='ltr'><strong>lactc</strong></span> 
     </span>
     <span class='ocr_line' id='line_1_3' title="bbox 239 396 1345 461; baseline -0.002 -2"><span class='ocrx_word' id='word_1_9' title='bbox 239 397 397 459; x_wconf 88' lang='lat' dir='ltr'><strong>commoti</strong></span> <span class='ocrx_word' id='word_1_10' title='bbox 440 416 554 460; x_wconf 85' lang='lat' dir='ltr'><strong>omnes</strong></span> <span class='ocrx_word' id='word_1_11' title='bbox 595 397 693 460; x_wconf 88' lang='lat' dir='ltr'><strong>simul</strong></span> <span class='ocrx_word' id='word_1_12' title='bbox 731 397 964 460; x_wconf 86' lang='lat' dir='ltr'><strong>habitaverunt</strong></span> <span class='ocrx_word' id='word_1_13' title='bbox 998 402 1029 461; x_wconf 87' lang='lat' dir='ltr'><strong>et</strong></span> <span class='ocrx_word' id='word_1_14' title='bbox 1065 396 1205 459; x_wconf 81' lang='lat' dir='ltr'><strong>Vulcani</strong></span> <span class='ocrx_word' id='word_1_15' title='bbox 1240 396 1345 458; x_wconf 87' lang='lat' dir='ltr'><strong>filium</strong></span> 
     </span>
     <span class='ocr_line' id='line_1_4' title="bbox 239 520 1347 606; baseline -0.002 -20"><span class='ocrx_word' id='word_1_16' title='bbox 239 542 306 586; x_wconf 88' lang='lat' dir='ltr'><strong>csse</strong></span> <span class='ocrx_word' id='word_1_17' title='bbox 329 521 568 586; x_wconf 87' lang='lat' dir='ltr'><strong>crediderunt’&#39;.</strong></span> <span class='ocrx_word' id='word_1_18' title='bbox 592 522 689 605; x_wconf 91' lang='lat' dir='ltr'>Apud</span> <span class='ocrx_word' id='word_1_19' title='bbox 710 522 904 586; x_wconf 82' lang='lat' dir='ltr'><strong>Strabonem</strong></span> <span class='ocrx_word' id='word_1_20' title='bbox 924 520 1063 606; x_wconf 83' lang='lat' dir='ltr'><strong>legimus</strong></span> <span class='ocrx_word' id='word_1_21' title='bbox 1075 523 1116 598; x_wconf 86' lang='lat' dir='ltr'><strong>V,</strong></span> <span class='ocrx_word' id='word_1_22' title='bbox 1130 523 1209 585; x_wconf 79' lang='lat'>238:</span> <span class='ocrx_word' id='word_1_23' title='bbox 1231 529 1347 601; x_wconf 83' lang='grc' dir='ltr'><em>,,Προοι-</em></span> 
     </span>
     <span class='ocr_line' id='line_1_5' title="bbox 238 645 1467 732; baseline -0.002 -23"><span class='ocrx_word' id='word_1_24' title='bbox 238 646 335 711; x_wconf 77' lang='grc' dir='ltr'><em>νεστὸν</em></span> <span class='ocrx_word' id='word_1_25' title='bbox 369 651 439 724; x_wconf 74' lang='grc' dir='ltr'><em>γοῦν</em></span> <span class='ocrx_word' id='word_1_26' title='bbox 473 646 702 729; x_wconf 79' lang='grc' dir='ltr'><em>Πολυστὲφοονον</em></span> <span class='ocrx_word' id='word_1_27' title='bbox 736 649 886 712; x_wconf 77' lang='grc' dir='ltr'><em>κοολεῒσίκι</em></span> <span class='ocrx_word' id='word_1_28' title='bbox 917 645 1075 729; x_wconf 73' lang='grc' dir='ltr'><em>τρίτορον”,</em></span> <span class='ocrx_word' id='word_1_29' title='bbox 1099 649 1187 732; x_wconf 87' lang='lat' dir='ltr'><strong>quud</strong></span> <span class='ocrx_word' id='word_1_30' title='bbox 1218 649 1349 711; x_wconf 85' lang='lat' dir='ltr'>Plinius</span> <span class='ocrx_word' id='word_1_31' title='bbox 1453 674 1467 706; x_wconf 84' lang='lat'><strong>.·</strong></span> 
     </span>
     <span class='ocr_line' id='line_1_6' title="bbox 239 771 1348 857; baseline -0.001 -19"><span class='ocrx_word' id='word_1_32' title='bbox 239 774 356 857; x_wconf 83' lang='lat' dir='ltr'><strong>repetit</strong></span> <span class='ocrx_word' id='word_1_33' title='bbox 374 774 434 852; x_wconf 90' lang='lat' dir='ltr'><strong>III,</strong></span> <span class='ocrx_word' id='word_1_34' title='bbox 455 775 496 836; x_wconf 74' lang='lat' dir='ltr'><strong>ul</strong></span> <span class='ocrx_word' id='word_1_35' title='bbox 508 799 514 836; x_wconf 92' lang='lat'><strong>:</strong></span> <span class='ocrx_word' id='word_1_36' title='bbox 528 775 765 853; x_wconf 67' lang='lat' dir='ltr'><strong>„Praenestini</strong></span> <span class='ocrx_word' id='word_1_37' title='bbox 779 774 859 839; x_wconf 90' lang='lat' dir='ltr'><strong>urbe</strong></span> <span class='ocrx_word' id='word_1_38' title='bbox 871 775 1038 857; x_wconf 87' lang='lat' dir='ltr'><strong>quondam</strong></span> <span class='ocrx_word' id='word_1_39' title='bbox 1052 775 1217 857; x_wconf 78' lang='lat' dir='ltr'>Stephane</span> <span class='ocrx_word' id='word_1_40' title='bbox 1230 771 1348 851; x_wconf 87' lang='lat' dir='ltr'><strong>dicta”,</strong></span> 
     </span>
     <span class='ocr_line' id='line_1_7' title="bbox 238 896 1349 983; baseline -0.001 -21"><span class='ocrx_word' id='word_1_41' title='bbox 238 900 325 983; x_wconf 88' lang='lat' dir='ltr'><strong>apud</strong></span> <span class='ocrx_word' id='word_1_42' title='bbox 359 897 585 977; x_wconf 84' lang='lat' dir='ltr'><strong>Plutarchum,</strong></span> <span class='ocrx_word' id='word_1_43' title='bbox 620 899 793 977; x_wconf 86' lang='lat' dir='ltr'><strong>Parallela,</strong></span> <span class='ocrx_word' id='word_1_44' title='bbox 828 900 851 964; x_wconf 91' lang='lat' dir='ltr'><strong>i.</strong></span> <span class='ocrx_word' id='word_1_45' title='bbox 875 900 917 963; x_wconf 86' lang='lat' dir='ltr'><strong>f.:</strong></span> <span class='ocrx_word' id='word_1_46' title='bbox 951 896 1147 977; x_wconf 74' lang='grc' dir='ltr'><strong>υΤνριιέγονος,</strong></span> <span class='ocrx_word' id='word_1_47' title='bbox 1183 897 1349 970; x_wconf 70' lang='grc' dir='ltr'><em>Ὀδυσσέος</em></span> 
     </span>
     <span class='ocr_line' id='line_1_8' title="bbox 237 1019 1478 1106; baseline -0.001 -19"><span class='ocrx_word' id='word_1_48' title='bbox 237 1021 288 1087; x_wconf 78' lang='grc' dir='ltr'><strong>κκί</strong></span> <span class='ocrx_word' id='word_1_49' title='bbox 323 1022 435 1104; x_wconf 80' lang='grc' dir='ltr'><em>Κίρκης,</em></span> <span class='ocrx_word' id='word_1_50' title='bbox 469 1019 518 1086; x_wconf 79' lang='grc' dir='ltr'><em>ε’τί</em></span> <span class='ocrx_word' id='word_1_51' title='bbox 550 1021 728 1103; x_wconf 72' lang='grc' dir='ltr'><em>οίνοιζιὶτιρσιν</em></span> <span class='ocrx_word' id='word_1_52' title='bbox 758 1025 809 1089; x_wconf 82' lang='grc' dir='ltr'><strong>τοῦ</strong></span> <span class='ocrx_word' id='word_1_53' title='bbox 840 1023 947 1104; x_wconf 78' lang='grc' dir='ltr'><em>σοιτρῖις</em></span> <span class='ocrx_word' id='word_1_54' title='bbox 970 1021 1130 1106; x_wconf 69' lang='grc' dir='ltr'><em>πεμφθεὶς,</em></span> <span class='ocrx_word' id='word_1_55' title='bbox 1153 1020 1246 1102; x_wconf 68' lang='lat' dir='ltr'><strong>lucie</strong></span> <span class='ocrx_word' id='word_1_56' title='bbox 1267 1021 1348 1086; x_wconf 76' lang='grc' dir='ltr'><em>πόλιν</em></span> <span class='ocrx_word' id='word_1_57' title='bbox 1469 1055 1478 1072; x_wconf 59' lang='lat'><strong>¹</strong></span> 
     </span>
     <span class='ocr_line' id='line_1_9' title="bbox 238 1145 1452 1230; baseline -0.002 -18"><span class='ocrx_word' id='word_1_58' title='bbox 238 1147 335 1213; x_wconf 82' lang='grc' dir='ltr'><em>κτίσον</em></span> <span class='ocrx_word' id='word_1_59' title='bbox 368 1146 435 1214; x_wconf 77' lang='grc' dir='ltr'><em>ἔνίοι</em></span> <span class='ocrx_word' id='word_1_60' title='bbox 467 1145 504 1212; x_wconf 78' lang='lat' dir='ltr'><strong>tu</strong></span> <span class='ocrx_word' id='word_1_61' title='bbox 537 1145 586 1229; x_wconf 79' lang='grc' dir='ltr'><strong>ίδρ</strong></span> <span class='ocrx_word' id='word_1_62' title='bbox 621 1147 763 1230; x_wconf 78' lang='grc' dir='ltr'><em>γεωργοὺς</em></span> <span class='ocrx_word' id='word_1_63' title='bbox 798 1147 1055 1230; x_wconf 68' lang='grc' dir='ltr'><em>ἐστεφανωμένους</em></span> <span class='ocrx_word' id='word_1_64' title='bbox 1085 1147 1136 1214; x_wconf 75' lang='lat' dir='ltr'><strong>aui</strong></span> <span class='ocrx_word' id='word_1_65' title='bbox 1167 1148 1347 1230; x_wconf 78' lang='grc' dir='ltr'><em>χορεύοντοις.</em></span> <span class='ocrx_word' id='word_1_66' title='bbox 1423 1193 1452 1209; x_wconf 91' lang='grc'><em>-</em></span> 
     </span>
     <span class='ocr_line' id='line_1_10' title="bbox 238 1273 1464 1357; baseline 0.002 -17"><span class='ocrx_word' id='word_1_67' title='bbox 238 1274 393 1354; x_wconf 78' lang='grc' dir='ltr'><em>Γενόμενος</em></span> <span class='ocrx_word' id='word_1_68' title='bbox 427 1275 485 1357; x_wconf 74' lang='grc' dir='ltr'><strong>γὰρ</strong></span> <span class='ocrx_word' id='word_1_69' title='bbox 518 1274 599 1339; x_wconf 83' lang='grc' dir='ltr'><em>κοοτοί</em></span> <span class='ocrx_word' id='word_1_70' title='bbox 629 1298 694 1339; x_wconf 88' lang='grc' dir='ltr'><em>τινοο</em></span> <span class='ocrx_word' id='word_1_71' title='bbox 724 1276 810 1340; x_wconf 84' lang='grc' dir='ltr'><em>τίτιον</em></span> <span class='ocrx_word' id='word_1_72' title='bbox 840 1281 894 1349; x_wconf 75' lang='grc' dir='ltr'><strong>τῆς</strong></span> <span class='ocrx_word' id='word_1_73' title='bbox 926 1276 1067 1350; x_wconf 78' lang='grc' dir='ltr'><em>Ἰτοιλίοις,</em></span> <span class='ocrx_word' id='word_1_74' title='bbox 1098 1273 1149 1340; x_wconf 81' lang='grc' dir='ltr'><em>κοοί</em></span> <span class='ocrx_word' id='word_1_75' title='bbox 1173 1274 1349 1353; x_wconf 79' lang='grc' dir='ltr'><em>ίεοοσοίμενος</em></span> <span class='ocrx_word' id='word_1_76' title='bbox 1409 1295 1464 1342; x_wconf 61' lang='grc' dir='ltr'><strong>ἓ</strong></span> 
     </span>
     <span class='ocr_line' id='line_1_11' title="bbox 237 1398 1464 1483; baseline 0 -18"><span class='ocrx_word' id='word_1_77' title='bbox 237 1400 384 1483; x_wconf 71' lang='grc' dir='ltr'><em>ἀγροίκους</em></span> <span class='ocrx_word' id='word_1_78' title='bbox 417 1399 546 1482; x_wconf 76' lang='grc' dir='ltr'><em>πρινίνοις</em></span> <span class='ocrx_word' id='word_1_79' title='bbox 569 1400 686 1473; x_wconf 67' lang='lat' dir='ltr'><strong>usbon</strong></span> <span class='ocrx_word' id='word_1_80' title='bbox 711 1399 960 1482; x_wconf 75' lang='grc' dir='ltr'><em>ἕστεφοονομένους</em></span> <span class='ocrx_word' id='word_1_81' title='bbox 982 1399 1034 1466; x_wconf 70' lang='lat' dir='ltr'><strong>aa}</strong></span> <span class='ocrx_word' id='word_1_82' title='bbox 1057 1398 1160 1482; x_wconf 78' lang='grc' dir='ltr'><em>ίρχκσι</em></span> <span class='ocrx_word' id='word_1_83' title='bbox 1183 1423 1348 1482; x_wconf 82' lang='grc' dir='ltr'><em>τροσευκοιι·</em></span> <span class='ocrx_word' id='word_1_84' title='bbox 1411 1431 1464 1447; x_wconf 92' lang='lat'><em>-</em></span> 
     </span>
    </p>
   </div>
   <div class='ocr_carea' id='block_1_3' title="bbox 237 1524 1465 1615">
    <p class='ocr_par' dir='ltr' id='par_1_3' title="bbox 237 1524 1465 1615">
     <span class='ocr_line' id='line_1_12' title="bbox 237 1524 1465 1615; baseline -0.002 -22"><span class='ocrx_word' id='word_1_85' title='bbox 237 1533 366 1610; x_wconf 82' lang='grc' dir='ltr'><em>ροῦντκς,</em></span> <span class='ocrx_word' id='word_1_86' title='bbox 394 1525 488 1592; x_wconf 79' lang='grc' dir='ltr'><em>ἔκτισε</em></span> <span class='ocrx_word' id='word_1_87' title='bbox 520 1525 603 1591; x_wconf 73' lang='grc' dir='ltr'><em>πόλιν</em></span> <span class='ocrx_word' id='word_1_88' title='bbox 625 1527 685 1592; x_wconf 74' lang='lat' dir='ltr'><strong>cirri</strong></span> <span class='ocrx_word' id='word_1_89' title='bbox 709 1531 760 1591; x_wconf 79' lang='grc' dir='ltr'><strong>τοῦ</strong></span> <span class='ocrx_word' id='word_1_90' title='bbox 787 1524 1050 1615; x_wconf 67' lang='grc' dir='ltr'><em>(συκορκμοίτοςῗ)</em></span> <span class='ocrx_word' id='word_1_91' title='bbox 1076 1526 1222 1608; x_wconf 77' lang='grc' dir='ltr'><em>Πρίνιστον</em></span> <span class='ocrx_word' id='word_1_92' title='bbox 1245 1524 1348 1604; x_wconf 78' lang='grc' dir='ltr'><em>ὀνομοί·</em></span> <span class='ocrx_word' id='word_1_93' title='bbox 1411 1553 1465 1567; x_wconf 80' lang='grc'><strong>-·</strong></span> 
     </span>
    </p>
   </div>
   <div class='ocr_carea' id='block_1_4' title="bbox 1390 1649 1455 1667">
    <p class='ocr_par' dir='ltr' id='par_1_4' title="bbox 1390 1649 1455 1667">
     <span class='ocr_line' id='line_1_13' title="bbox 1390 1649 1455 1667; baseline 0 -3"><span class='ocrx_word' id='word_1_94' title='bbox 1390 1649 1455 1667; x_wconf 48' lang='grc' dir='ltr'><em>φ</em></span> 
     </span>
    </p>
   </div>
   <div class='ocr_carea' id='block_1_5' title="bbox 234 1651 1475 2873">
    <p class='ocr_par' dir='ltr' id='par_1_5' title="bbox 238 1651 1475 2114">
     <span class='ocr_line' id='line_1_14' title="bbox 238 1651 1453 1738; baseline -0.005 -18"><span class='ocrx_word' id='word_1_95' title='bbox 238 1679 304 1730; x_wconf 87' lang='grc' dir='ltr'><em>σοις,</em></span> <span class='ocrx_word' id='word_1_96' title='bbox 335 1653 388 1727; x_wconf 69' lang='grc' dir='ltr'><strong>τὴν</strong></span> <span class='ocrx_word' id='word_1_97' title='bbox 418 1653 557 1732; x_wconf 82' lang='grc' dir='ltr'><em>Ῥοιμοοῑοι</em></span> <span class='ocrx_word' id='word_1_98' title='bbox 587 1653 773 1735; x_wconf 73' lang='grc' dir='ltr'><em>τιοιροονίιγως</em></span> <span class='ocrx_word' id='word_1_99' title='bbox 804 1653 977 1734; x_wconf 85' lang='grc' dir='ltr'><em>Προοίνεστον</em></span> <span class='ocrx_word' id='word_1_100' title='bbox 1005 1657 1143 1719; x_wconf 75' lang='grc' dir='ltr'><em>κοιλοῦσιν</em></span> <span class='ocrx_word' id='word_1_101' title='bbox 1170 1653 1227 1738; x_wconf 79' lang='grc' dir='ltr'><strong>(ὡς</strong></span> <span class='ocrx_word' id='word_1_102' title='bbox 1250 1651 1353 1733; x_wconf 84' lang='grc' dir='ltr'><em>ἱστορεῖ</em></span> <span class='ocrx_word' id='word_1_103' title='bbox 1412 1668 1453 1705; x_wconf 65' lang='lat'><em>2</em></span> 
     </span>
     <span class='ocr_line' id='line_1_15' title="bbox 238 1780 1475 1865; baseline -0.002 -18"><span class='ocrx_word' id='word_1_104' title='bbox 238 1783 429 1864; x_wconf 75' lang='grc' dir='ltr'><em>Ἀριστοκλῆς</em></span> <span class='ocrx_word' id='word_1_105' title='bbox 449 1783 477 1845; x_wconf 86' lang='grc' dir='ltr'><strong>ἐν</strong></span> <span class='ocrx_word' id='word_1_106' title='bbox 495 1780 579 1863; x_wconf 82' lang='grc' dir='ltr'><em>τρίτῳ</em></span> <span class='ocrx_word' id='word_1_107' title='bbox 598 1782 748 1845; x_wconf 73' lang='grc' dir='ltr'><em>Ἰταλικῶν</em></span> <span class='ocrx_word' id='word_1_108' title='bbox 758 1781 798 1863; x_wconf 89' lang='grc'><strong>(.)</strong></span> <span class='ocrx_word' id='word_1_109' title='bbox 807 1780 850 1864; x_wconf 81' lang='lat'><strong>)&#39;’;</strong></span> <span class='ocrx_word' id='word_1_110' title='bbox 863 1782 949 1865; x_wconf 83' lang='lat' dir='ltr'><strong>apud</strong></span> <span class='ocrx_word' id='word_1_111' title='bbox 962 1782 1112 1846; x_wconf 89' lang='lat' dir='ltr'><strong>Solinnm</strong></span> <span class='ocrx_word' id='word_1_112' title='bbox 1126 1780 1167 1860; x_wconf 91' lang='lat' dir='ltr'><strong>H,</strong></span> <span class='ocrx_word' id='word_1_113' title='bbox 1181 1782 1199 1843; x_wconf 82' lang='lat'>9</span> <span class='ocrx_word' id='word_1_114' title='bbox 1213 1805 1220 1844; x_wconf 75' lang='grc' dir='ltr'><em>ι</em></span> <span class='ocrx_word' id='word_1_115' title='bbox 1235 1781 1350 1858; x_wconf 77' lang='lat' dir='ltr'><strong>„Prae</strong></span> <span class='ocrx_word' id='word_1_116' title='bbox 1413 1796 1475 1818; x_wconf 68' lang='lat'><strong>‘¹</strong></span> 
     </span>
     <span class='ocr_line' id='line_1_16' title="bbox 239 1906 1474 1990; baseline -0.003 -18"><span class='ocrx_word' id='word_1_117' title='bbox 239 1915 339 1989; x_wconf 83' lang='lat' dir='ltr'><strong>nesta,</strong></span> <span class='ocrx_word' id='word_1_118' title='bbox 363 1915 401 1973; x_wconf 90' lang='lat' dir='ltr'><strong>nt</strong></span> <span class='ocrx_word' id='word_1_119' title='bbox 423 1908 606 1973; x_wconf 85' lang='lat' dir='ltr'><strong>Zenodotus</strong></span> <span class='ocrx_word' id='word_1_120' title='bbox 629 1909 737 1988; x_wconf 82' lang='lat' dir='ltr'><strong>refert,</strong></span> <span class='ocrx_word' id='word_1_121' title='bbox 761 1927 781 1970; x_wconf 92' lang='lat' dir='ltr'><strong>a</strong></span> <span class='ocrx_word' id='word_1_122' title='bbox 803 1909 977 1972; x_wconf 81' lang='lat' dir='ltr'><strong>Praeneste</strong></span> <span class='ocrx_word' id='word_1_123' title='bbox 1000 1906 1126 1988; x_wconf 82' lang='lat' dir='ltr'><strong>Ulyssis</strong></span> <span class='ocrx_word' id='word_1_124' title='bbox 1144 1911 1273 1990; x_wconf 88' lang='lat' dir='ltr'><strong>nepote,</strong></span> <span class='ocrx_word' id='word_1_125' title='bbox 1293 1906 1349 1969; x_wconf 89' lang='lat' dir='ltr'><strong>La·</strong></span> <span class='ocrx_word' id='word_1_126' title='bbox 1431 1923 1474 1939; x_wconf 71' lang='lat'><em>⁶</em></span> 
     </span>
     <span class='ocr_line' id='line_1_17' title="bbox 241 2029 1347 2114; baseline -0.004 -16"><span class='ocrx_word' id='word_1_127' title='bbox 241 2036 303 2098; x_wconf 90' lang='lat' dir='ltr'><strong>tini</strong></span> <span class='ocrx_word' id='word_1_128' title='bbox 326 2035 406 2114; x_wconf 89' lang='lat' dir='ltr'><strong>filiu,</strong></span> <span class='ocrx_word' id='word_1_129' title='bbox 429 2039 498 2112; x_wconf 89' lang='lat' dir='ltr'><strong>aut,</strong></span> <span class='ocrx_word' id='word_1_130' title='bbox 523 2041 560 2098; x_wconf 92' lang='lat' dir='ltr'><strong>nt</strong></span> <span class='ocrx_word' id='word_1_131' title='bbox 581 2033 789 2098; x_wconf 81' lang='lat' dir='ltr'><strong>Praenestini</strong></span> <span class='ocrx_word' id='word_1_132' title='bbox 812 2038 930 2098; x_wconf 87' lang='lat' dir='ltr'><strong>sonant</strong></span> <span class='ocrx_word' id='word_1_133' title='bbox 947 2032 1024 2096; x_wconf 91' lang='lat' dir='ltr'><strong>libri</strong></span> <span class='ocrx_word' id='word_1_134' title='bbox 1044 2051 1065 2095; x_wconf 90' lang='lat' dir='ltr'><strong>a</strong></span> <span class='ocrx_word' id='word_1_135' title='bbox 1084 2029 1237 2110; x_wconf 84' lang='lat' dir='ltr'><strong>anculn,</strong></span> <span class='ocrx_word' id='word_1_136' title='bbox 1250 2049 1347 2113; x_wconf 85' lang='lat' dir='ltr'><strong>quem</strong></span> 
     </span>
    </p>

    <p class='ocr_par' dir='ltr' id='par_1_6' title="bbox 234 2156 1352 2621">
     <span class='ocr_line' id='line_1_18' title="bbox 234 2156 1348 2244; baseline -0.005 -20"><span class='ocrx_word' id='word_1_137' title='bbox 234 2163 333 2243; x_wconf 87' lang='lat' dir='ltr'><strong>juxta</strong></span> <span class='ocrx_word' id='word_1_138' title='bbox 354 2161 459 2244; x_wconf 81' lang='lat' dir='ltr'><strong>igneis</strong></span> <span class='ocrx_word' id='word_1_139' title='bbox 483 2160 636 2224; x_wconf 84' lang='lat' dir='ltr'><strong>fortuitos</strong></span> <span class='ocrx_word' id='word_1_140' title='bbox 659 2160 871 2237; x_wconf 88' lang='lat' dir='ltr'><strong>invenerunt,</strong></span> <span class='ocrx_word' id='word_1_141' title='bbox 896 2164 933 2221; x_wconf 94' lang='lat' dir='ltr'><strong>nt</strong></span> <span class='ocrx_word' id='word_1_142' title='bbox 957 2158 1046 2220; x_wconf 88' lang='lat' dir='ltr'><strong>fama</strong></span> <span class='ocrx_word' id='word_1_143' title='bbox 1069 2161 1126 2237; x_wconf 87' lang='lat' dir='ltr'><strong>est,</strong></span> <span class='ocrx_word' id='word_1_144' title='bbox 1149 2156 1348 2240; x_wconf 83' lang='lat' dir='ltr'><strong>Digiticrum</strong></span> 
     </span>
     <span class='ocr_line' id='line_1_19' title="bbox 239 2283 1351 2368; baseline -0.002 -20"><span class='ocrx_word' id='word_1_145' title='bbox 239 2283 399 2364; x_wconf 87' lang='lat' dir='ltr'><strong>sororcs’&#39;;</strong></span> <span class='ocrx_word' id='word_1_146' title='bbox 423 2286 563 2368; x_wconf 89' lang='lat' dir='ltr'><strong>denique</strong></span> <span class='ocrx_word' id='word_1_147' title='bbox 587 2285 676 2368; x_wconf 90' lang='lat' dir='ltr'><strong>apud</strong></span> <span class='ocrx_word' id='word_1_148' title='bbox 699 2284 849 2349; x_wconf 86' lang='lat' dir='ltr'><strong>Serrium</strong></span> <span class='ocrx_word' id='word_1_149' title='bbox 875 2284 948 2362; x_wconf 91' lang='lat' dir='ltr'><strong>VII,</strong></span> <span class='ocrx_word' id='word_1_150' title='bbox 973 2284 1053 2347; x_wconf 78' lang='lat'><strong>678:</strong></span> <span class='ocrx_word' id='word_1_151' title='bbox 1077 2285 1280 2360; x_wconf 86' lang='lat' dir='ltr'><strong>„Praeneste</strong></span> <span class='ocrx_word' id='word_1_152' title='bbox 1302 2287 1351 2348; x_wconf 87' lang='lat' dir='ltr'><strong>est</strong></span> 
     </span>
     <span class='ocr_line' id='line_1_20' title="bbox 239 2409 1351 2495; baseline 0.002 -22"><span class='ocrx_word' id='word_1_153' title='bbox 239 2411 348 2476; x_wconf 86' lang='lat' dir='ltr'><strong>lucum</strong></span> <span class='ocrx_word' id='word_1_154' title='bbox 381 2412 470 2476; x_wconf 87' lang='lat' dir='ltr'><strong>haud</strong></span> <span class='ocrx_word' id='word_1_155' title='bbox 501 2412 596 2495; x_wconf 87' lang='lat' dir='ltr'><strong>longe</strong></span> <span class='ocrx_word' id='word_1_156' title='bbox 620 2413 663 2476; x_wconf 89' lang='lat' dir='ltr'><strong>ab</strong></span> <span class='ocrx_word' id='word_1_157' title='bbox 686 2413 777 2490; x_wconf 87' lang='lat' dir='ltr'><strong>urbe,</strong></span> <span class='ocrx_word' id='word_1_158' title='bbox 803 2412 907 2476; x_wconf 87' lang='lat' dir='ltr'><strong>dictus</strong></span> <span class='ocrx_word' id='word_1_159' title='bbox 929 2410 988 2475; x_wconf 76' lang='grc' dir='ltr'><strong>ἀπὸ</strong></span> <span class='ocrx_word' id='word_1_160' title='bbox 1009 2414 1065 2476; x_wconf 78' lang='grc' dir='ltr'><strong>τῶν</strong></span> <span class='ocrx_word' id='word_1_161' title='bbox 1087 2409 1187 2491; x_wconf 81' lang='grc' dir='ltr'><em>πρίνων</em></span> <span class='ocrx_word' id='word_1_162' title='bbox 1208 2411 1231 2473; x_wconf 88' lang='lat' dir='ltr'><strong>i.</strong></span> <span class='ocrx_word' id='word_1_163' title='bbox 1257 2430 1284 2476; x_wconf 84' lang='lat' dir='ltr'><strong>e.</strong></span> <span class='ocrx_word' id='word_1_164' title='bbox 1308 2411 1351 2476; x_wconf 90' lang='lat' dir='ltr'><strong>ab</strong></span> 
     </span>
     <span class='ocr_line' id='line_1_21' title="bbox 237 2536 1352 2621; baseline 0.001 -22"><span class='ocrx_word' id='word_1_165' title='bbox 237 2538 379 2615; x_wconf 84' lang='lat' dir='ltr'><strong>ilicibus,</strong></span> <span class='ocrx_word' id='word_1_166' title='bbox 403 2558 487 2621; x_wconf 90' lang='lat' dir='ltr'><strong>quae</strong></span> <span class='ocrx_word' id='word_1_167' title='bbox 518 2538 589 2603; x_wconf 89' lang='lat' dir='ltr'><strong>illic</strong></span> <span class='ocrx_word' id='word_1_168' title='bbox 612 2536 813 2602; x_wconf 88' lang='lat' dir='ltr'><strong>abuudant&#39;&#39;.</strong></span> <span class='ocrx_word' id='word_1_169' title='bbox 834 2539 862 2600; x_wconf 85' lang='lat' dir='ltr'>E</span> <span class='ocrx_word' id='word_1_170' title='bbox 885 2538 1005 2621; x_wconf 91' lang='lat' dir='ltr'><strong>quibus</strong></span> <span class='ocrx_word' id='word_1_171' title='bbox 1028 2541 1120 2621; x_wconf 84' lang='lat' dir='ltr'><strong>patet</strong></span> <span class='ocrx_word' id='word_1_172' title='bbox 1142 2537 1195 2600; x_wconf 90' lang='lat' dir='ltr'><strong>hic</strong></span> <span class='ocrx_word' id='word_1_173' title='bbox 1217 2555 1352 2620; x_wconf 88' lang='lat' dir='ltr'><strong>quoque</strong></span> 
     </span>
    </p>

    <p class='ocr_par' dir='ltr' id='par_1_7' title="bbox 239 2661 1353 2748">
     <span class='ocr_line' id='line_1_22' title="bbox 239 2661 1353 2748; baseline 0.002 -23"><span class='ocrx_word' id='word_1_174' title='bbox 239 2664 302 2728; x_wconf 91' lang='lat' dir='ltr'><strong>duc</strong></span> <span class='ocrx_word' id='word_1_175' title='bbox 326 2664 513 2728; x_wconf 83' lang='lat' dir='ltr'><strong>fabularum</strong></span> <span class='ocrx_word' id='word_1_176' title='bbox 536 2683 657 2748; x_wconf 84' lang='lat' dir='ltr'><strong>genera</strong></span> <span class='ocrx_word' id='word_1_177' title='bbox 677 2664 828 2747; x_wconf 83' lang='lat' dir='ltr'><strong>viguisse,</strong></span> <span class='ocrx_word' id='word_1_178' title='bbox 847 2664 938 2728; x_wconf 85' lang='lat' dir='ltr'><strong>aliud</strong></span> <span class='ocrx_word' id='word_1_179' title='bbox 959 2664 1126 2742; x_wconf 90' lang='lat' dir='ltr'><strong>Latinum,</strong></span> <span class='ocrx_word' id='word_1_180' title='bbox 1139 2662 1232 2726; x_wconf 90' lang='lat' dir='ltr'><strong>alind</strong></span> <span class='ocrx_word' id='word_1_181' title='bbox 1252 2661 1353 2727; x_wconf 85' lang='lat' dir='ltr'><strong>Grae·</strong></span> 
     </span>
    </p>

    <p class='ocr_par' dir='ltr' id='par_1_8' title="bbox 239 2790 1095 2873">
     <span class='ocr_line' id='line_1_23' title="bbox 239 2790 1095 2873; baseline 0.002 -21"><span class='ocrx_word' id='word_1_182' title='bbox 239 2809 313 2853; x_wconf 90' lang='lat' dir='ltr'><strong>cum</strong></span> <span class='ocrx_word' id='word_1_183' title='bbox 338 2796 371 2854; x_wconf 88' lang='lat' dir='ltr'><strong>ct</strong></span> <span class='ocrx_word' id='word_1_184' title='bbox 394 2791 582 2873; x_wconf 85' lang='lat' dir='ltr'><strong>Vergilium</strong></span> <span class='ocrx_word' id='word_1_185' title='bbox 606 2790 823 2855; x_wconf 88' lang='lat' dir='ltr'><strong>domesticum</strong></span> <span class='ocrx_word' id='word_1_186' title='bbox 847 2797 993 2854; x_wconf 88' lang='lat' dir='ltr'><strong>secutum</strong></span> <span class='ocrx_word' id='word_1_187' title='bbox 1018 2809 1095 2854; x_wconf 87' lang='lat' dir='ltr'><strong>esse.</strong></span> 
     </span>
    </p>
   </div>
   <div class='ocr_carea' id='block_1_6' title="bbox 0 0 1482 5040">
    <p class='ocr_par' dir='ltr' id='par_1_9' title="bbox 0 0 1482 5040">
     <span class='ocr_line' id='line_1_24' title="bbox 0 0 1482 5040; baseline 0 2"><span class='ocrx_word' id='word_1_188' title='bbox 0 0 1482 5040; x_wconf 95' lang='lat' dir='ltr'><strong> </strong></span> 
     </span>
    </p>
   </div>
  </div>
 </body>
</html>
