<?xml version="1.0" encoding="UTF-8"?>
<!DOCTYPE html PUBLIC "-//W3C//DTD XHTML 1.0 Transitional//EN"
    "http://www.w3.org/TR/xhtml1/DTD/xhtml1-transitional.dtd">
<html xmlns="http://www.w3.org/1999/xhtml" xml:lang="en" lang="en">
 <head>
  <title>
</title>
<meta http-equiv="Content-Type" content="text/html;charset=utf-8" />
  <meta name='ocr-system' content='tesseract 3.04.00' />
  <meta name='ocr-capabilities' content='ocr_page ocr_carea ocr_par ocr_line ocrx_word'/>
</head>
<body>
  <div class='ocr_page' id='page_1' title='image "./quaestionesdefa00kindgoog_0094.png"; bbox 0 0 2956 5040; ppageno 0'>
   <div class='ocr_carea' id='block_1_1' title="bbox 675 393 727 454">
    <p class='ocr_par' dir='ltr' id='par_1_1' title="bbox 675 393 727 454">
     <span class='ocr_line' id='line_1_1' title="bbox 675 393 727 454; baseline -0.038 0"><span class='ocrx_word' id='word_1_1' title='bbox 675 393 727 454; x_wconf 76' lang='lat'><strong>7⁹⁴</strong></span> 
     </span>
    </p>
   </div>
   <div class='ocr_carea' id='block_1_2' title="bbox 133 592 1279 3284">
    <p class='ocr_par' dir='ltr' id='par_1_2' title="bbox 133 592 1260 2170">
     <span class='ocr_line' id='line_1_2' title="bbox 133 592 1252 677; baseline 0.005 -20"><span class='ocrx_word' id='word_1_2' title='bbox 133 592 236 674; x_wconf 77' lang='grc' dir='ltr'><em>μέντῳ,</em></span> <span class='ocrx_word' id='word_1_3' title='bbox 259 592 389 675; x_wconf 69' lang='grc' dir='ltr'><em>καθάπερ</em></span> <span class='ocrx_word' id='word_1_4' title='bbox 411 601 473 668; x_wconf 78' lang='grc' dir='ltr'><em>τοῖο</em></span> <span class='ocrx_word' id='word_1_5' title='bbox 497 602 607 668; x_wconf 76' lang='grc' dir='ltr'><em>λοιποῖς</em></span> <span class='ocrx_word' id='word_1_6' title='bbox 631 593 717 676; x_wconf 74' lang='grc' dir='ltr'><em>ἥρωσι</em></span> <span class='ocrx_word' id='word_1_7' title='bbox 739 596 791 661; x_wconf 75' lang='lat' dir='ltr'><strong>scri</strong></span> <span class='ocrx_word' id='word_1_8' title='bbox 816 596 943 676; x_wconf 74' lang='grc' dir='ltr'><strong>δαίμοσι,</strong></span> <span class='ocrx_word' id='word_1_9' title='bbox 963 597 1014 662; x_wconf 75' lang='lat' dir='ltr'><strong>roi</strong></span> <span class='ocrx_word' id='word_1_10' title='bbox 1034 599 1154 677; x_wconf 77' lang='grc' dir='ltr'><em>βώμονο</em></span> <span class='ocrx_word' id='word_1_11' title='bbox 1172 600 1252 664; x_wconf 72' lang='grc' dir='ltr'><em>ἔθεον-</em></span> 
     </span>
     <span class='ocr_line' id='line_1_3' title="bbox 134 716 1254 803; baseline 0.004 -21"><span class='ocrx_word' id='word_1_12' title='bbox 134 716 236 797; x_wconf 67' lang='lat' dir='ltr'><strong>adpo</strong></span> <span class='ocrx_word' id='word_1_13' title='bbox 258 716 422 800; x_wconf 75' lang='grc' dir='ltr'><em>ἱδρυμένους</em></span> <span class='ocrx_word' id='word_1_14' title='bbox 445 718 600 800; x_wconf 73' lang='grc' dir='ltr'><em>Κοορμέντῳ</em></span> <span class='ocrx_word' id='word_1_15' title='bbox 625 719 680 797; x_wconf 64' lang='grc' dir='ltr'><strong>μὲν</strong></span> <span class='ocrx_word' id='word_1_16' title='bbox 695 766 702 783; x_wconf 89' lang='grc'><strong>.</strong></span> <span class='ocrx_word' id='word_1_17' title='bbox 717 767 724 783; x_wconf 94' lang='grc'><strong>.</strong></span> <span class='ocrx_word' id='word_1_18' title='bbox 738 768 769 787; x_wconf 91' lang='grc'><strong>..</strong></span> <span class='ocrx_word' id='word_1_19' title='bbox 794 719 929 802; x_wconf 73' lang='grc' dir='ltr'><em>Εὐάνδρῳ</em></span> <span class='ocrx_word' id='word_1_20' title='bbox 953 721 983 786; x_wconf 80' lang='grc' dir='ltr'><strong>δὲ</strong></span> <span class='ocrx_word' id='word_1_21' title='bbox 1007 723 1074 803; x_wconf 80' lang='grc' dir='ltr'><em>πρὸς</em></span> <span class='ocrx_word' id='word_1_22' title='bbox 1098 721 1180 802; x_wconf 73' lang='grc' dir='ltr'><em>ἑτέρῳ</em></span> <span class='ocrx_word' id='word_1_23' title='bbox 1198 727 1254 786; x_wconf 81' lang='grc' dir='ltr'><strong>τῶν</strong></span> 
     </span>
     <span class='ocr_line' id='line_1_4' title="bbox 134 842 1254 927; baseline 0.004 -21"><span class='ocrx_word' id='word_1_24' title='bbox 134 842 243 923; x_wconf 78' lang='grc' dir='ltr'><strong>λόφων,</strong></span> <span class='ocrx_word' id='word_1_25' title='bbox 273 842 415 922; x_wconf 76' lang='grc' dir='ltr'><strong>Αὐεντίνῳ</strong></span> <span class='ocrx_word' id='word_1_26' title='bbox 446 842 604 923; x_wconf 72' lang='grc' dir='ltr'><em>λεγομένῳ,</em></span> <span class='ocrx_word' id='word_1_27' title='bbox 637 851 691 918; x_wconf 70' lang='grc' dir='ltr'><strong>τῆς</strong></span> <span class='ocrx_word' id='word_1_28' title='bbox 722 843 870 924; x_wconf 71' lang='grc' dir='ltr'><em>Τριδύμου</em></span> <span class='ocrx_word' id='word_1_29' title='bbox 898 844 997 919; x_wconf 75' lang='grc' dir='ltr'><em>πύλης</em></span> <span class='ocrx_word' id='word_1_30' title='bbox 1021 848 1052 910; x_wconf 85' lang='grc' dir='ltr'><strong>οὐ</strong></span> <span class='ocrx_word' id='word_1_31' title='bbox 1076 845 1198 927; x_wconf 58' lang='grc' dir='ltr'><em>προσονζ</em></span> <span class='ocrx_word' id='word_1_32' title='bbox 1223 854 1254 910; x_wconf 86' lang='lat' dir='ltr'><strong>et</strong></span> 
     </span>
     <span class='ocr_line' id='line_1_5' title="bbox 134 967 1255 1050; baseline 0.004 -20"><span class='ocrx_word' id='word_1_33' title='bbox 134 967 262 1050; x_wconf 91' lang='lat' dir='ltr'><strong>primus</strong></span> <span class='ocrx_word' id='word_1_34' title='bbox 293 974 343 1032; x_wconf 90' lang='lat' dir='ltr'><strong>est</strong></span> <span class='ocrx_word' id='word_1_35' title='bbox 371 970 465 1032; x_wconf 89' lang='lat' dir='ltr'><strong>testis</strong></span> <span class='ocrx_word' id='word_1_36' title='bbox 498 969 604 1032; x_wconf 81' lang='lat' dir='ltr'><strong>divini</strong></span> <span class='ocrx_word' id='word_1_37' title='bbox 630 970 765 1034; x_wconf 87' lang='lat' dir='ltr'><strong>honoris</strong></span> <span class='ocrx_word' id='word_1_38' title='bbox 787 971 941 1035; x_wconf 85' lang='lat' dir='ltr'><strong>Evandro</strong></span> <span class='ocrx_word' id='word_1_39' title='bbox 965 970 1092 1050; x_wconf 88' lang='lat' dir='ltr'><strong>tributi,</strong></span> <span class='ocrx_word' id='word_1_40' title='bbox 1115 991 1255 1036; x_wconf 87' lang='lat' dir='ltr'><strong>comme·</strong></span> 
     </span>
     <span class='ocr_line' id='line_1_6' title="bbox 135 1090 1255 1176; baseline 0.004 -22"><span class='ocrx_word' id='word_1_41' title='bbox 135 1112 269 1157; x_wconf 85' lang='lat' dir='ltr'><strong>morans</strong></span> <span class='ocrx_word' id='word_1_42' title='bbox 291 1093 317 1170; x_wconf 93' lang='lat' dir='ltr'><strong>I,</strong></span> <span class='ocrx_word' id='word_1_43' title='bbox 343 1095 402 1155; x_wconf 83' lang='lat'><strong>31:</strong></span> <span class='ocrx_word' id='word_1_44' title='bbox 427 1092 557 1170; x_wconf 74' lang='grc' dir='ltr'><strong>,ἡγεῖτο</strong></span> <span class='ocrx_word' id='word_1_45' title='bbox 582 1090 612 1156; x_wconf 75' lang='grc' dir='ltr'><strong>δὲ</strong></span> <span class='ocrx_word' id='word_1_46' title='bbox 638 1099 690 1166; x_wconf 72' lang='grc' dir='ltr'><strong>τῆς</strong></span> <span class='ocrx_word' id='word_1_47' title='bbox 713 1093 851 1166; x_wconf 61' lang='lat' dir='ltr'><strong>inoculare</strong></span> <span class='ocrx_word' id='word_1_48' title='bbox 870 1092 1023 1175; x_wconf 71' lang='grc' dir='ltr'><em>Εὔονδρος,</em></span> <span class='ocrx_word' id='word_1_49' title='bbox 1044 1094 1153 1176; x_wconf 83' lang='grc' dir='ltr'><em>Ἑρμοῦ</em></span> <span class='ocrx_word' id='word_1_50' title='bbox 1173 1095 1255 1173; x_wconf 73' lang='grc' dir='ltr'><em>μενο-</em></span> 
     </span>
     <span class='ocr_line' id='line_1_7' title="bbox 136 1215 1252 1303; baseline 0.003 -24"><span class='ocrx_word' id='word_1_51' title='bbox 136 1239 222 1294; x_wconf 78' lang='grc' dir='ltr'><em>μενος</em></span> <span class='ocrx_word' id='word_1_52' title='bbox 256 1215 309 1280; x_wconf 76' lang='lat' dir='ltr'><strong>sori</strong></span> <span class='ocrx_word' id='word_1_53' title='bbox 344 1215 466 1298; x_wconf 74' lang='grc' dir='ltr'><em>νύμφης</em></span> <span class='ocrx_word' id='word_1_54' title='bbox 493 1216 569 1290; x_wconf 69' lang='grc' dir='ltr'><em>τινος</em></span> <span class='ocrx_word' id='word_1_55' title='bbox 599 1215 739 1299; x_wconf 62' lang='lat' dir='ltr'><strong>&#39;spemn</strong></span> <span class='ocrx_word' id='word_1_56' title='bbox 770 1217 950 1297; x_wconf 53' lang='lat' dir='ltr'><strong>detraccio?</strong></span> <span class='ocrx_word' id='word_1_57' title='bbox 975 1224 1007 1284; x_wconf 85' lang='lat' dir='ltr'><strong>et</strong></span> <span class='ocrx_word' id='word_1_58' title='bbox 1028 1221 1155 1303; x_wconf 88' lang='lat' dir='ltr'><strong>primus</strong></span> <span class='ocrx_word' id='word_1_59' title='bbox 1178 1240 1252 1284; x_wconf 90' lang='lat' dir='ltr'><strong>eum</strong></span> 
     </span>
     <span class='ocr_line' id='line_1_8' title="bbox 136 1339 1256 1426; baseline 0.002 -22"><span class='ocrx_word' id='word_1_60' title='bbox 136 1342 279 1404; x_wconf 88' lang='lat' dir='ltr'><strong>Hermae</strong></span> <span class='ocrx_word' id='word_1_61' title='bbox 303 1341 410 1404; x_wconf 87' lang='lat' dir='ltr'><strong>filium</strong></span> <span class='ocrx_word' id='word_1_62' title='bbox 436 1342 525 1405; x_wconf 90' lang='lat' dir='ltr'><strong>dicit.</strong></span> <span class='ocrx_word' id='word_1_63' title='bbox 550 1339 677 1406; x_wconf 84' lang='lat' dir='ltr'><strong>Deinde</strong></span> <span class='ocrx_word' id='word_1_64' title='bbox 696 1342 793 1405; x_wconf 86' lang='lat' dir='ltr'><strong>nulla</strong></span> <span class='ocrx_word' id='word_1_65' title='bbox 814 1343 923 1407; x_wconf 89' lang='lat' dir='ltr'><strong>cultus</strong></span> <span class='ocrx_word' id='word_1_66' title='bbox 940 1344 1079 1426; x_wconf 85' lang='lat' dir='ltr'><strong>vestigia</strong></span> <span class='ocrx_word' id='word_1_67' title='bbox 1091 1345 1256 1426; x_wconf 88' lang='lat' dir='ltr'><strong>reperiun-</strong></span> 
     </span>
     <span class='ocr_line' id='line_1_9' title="bbox 135 1464 1255 1550; baseline 0.003 -22"><span class='ocrx_word' id='word_1_68' title='bbox 135 1469 201 1544; x_wconf 90' lang='lat' dir='ltr'><strong>tur,</strong></span> <span class='ocrx_word' id='word_1_69' title='bbox 237 1467 340 1530; x_wconf 90' lang='lat' dir='ltr'><strong>donec</strong></span> <span class='ocrx_word' id='word_1_70' title='bbox 375 1465 515 1549; x_wconf 83' lang='lat' dir='ltr'><strong>legimus</strong></span> <span class='ocrx_word' id='word_1_71' title='bbox 550 1468 637 1550; x_wconf 88' lang='lat' dir='ltr'><strong>apud</strong></span> <span class='ocrx_word' id='word_1_72' title='bbox 672 1468 872 1531; x_wconf 77' lang='lat' dir='ltr'><strong>Pausaniam</strong></span> <span class='ocrx_word' id='word_1_73' title='bbox 910 1469 982 1533; x_wconf 90' lang='lat' dir='ltr'><strong>Lib.</strong></span> <span class='ocrx_word' id='word_1_74' title='bbox 1014 1464 1108 1546; x_wconf 85' lang='lat' dir='ltr'>VIII,</span> <span class='ocrx_word' id='word_1_75' title='bbox 1140 1470 1192 1547; x_wconf 88' lang='grc'><strong>44,</strong></span> <span class='ocrx_word' id='word_1_76' title='bbox 1218 1471 1255 1532; x_wconf 80' lang='lat'><strong>5:</strong></span> 
     </span>
     <span class='ocr_line' id='line_1_10' title="bbox 135 1589 1260 1672; baseline 0.001 -18"><span class='ocrx_word' id='word_1_77' title='bbox 135 1590 212 1670; x_wconf 90' lang='grc' dir='ltr'><strong>,,Ἐν</strong></span> <span class='ocrx_word' id='word_1_78' title='bbox 246 1589 277 1654; x_wconf 70' lang='grc' dir='ltr'><strong>δὲ</strong></span> <span class='ocrx_word' id='word_1_79' title='bbox 310 1590 489 1670; x_wconf 69' lang='grc' dir='ltr'><em>Πολλοονοῖῳ</em></span> <span class='ocrx_word' id='word_1_80' title='bbox 526 1590 697 1671; x_wconf 81' lang='lat' dir='ltr'><strong>(Arcadiae</strong></span> <span class='ocrx_word' id='word_1_81' title='bbox 730 1594 824 1672; x_wconf 86' lang='lat' dir='ltr'><strong>urbe)</strong></span> <span class='ocrx_word' id='word_1_82' title='bbox 855 1593 923 1664; x_wconf 75' lang='grc' dir='ltr'><em>νοός</em></span> <span class='ocrx_word' id='word_1_83' title='bbox 952 1615 985 1656; x_wconf 84' lang='grc' dir='ltr'><strong>τε</strong></span> <span class='ocrx_word' id='word_1_84' title='bbox 1007 1591 1059 1656; x_wconf 78' lang='lat' dir='ltr'><strong>sori</strong></span> <span class='ocrx_word' id='word_1_85' title='bbox 1083 1591 1260 1670; x_wconf 75' lang='grc' dir='ltr'><em>ἅμοολμοιτοο</em></span> 
     </span>
     <span class='ocr_line' id='line_1_11' title="bbox 136 1712 1257 1799; baseline 0.002 -21"><span class='ocrx_word' id='word_1_86' title='bbox 136 1714 214 1778; x_wconf 74' lang='grc' dir='ltr'><em>λίθου</em></span> <span class='ocrx_word' id='word_1_87' title='bbox 237 1712 424 1787; x_wconf 77' lang='grc' dir='ltr'><em>Ποὶλλοοντος,</em></span> <span class='ocrx_word' id='word_1_88' title='bbox 447 1713 480 1779; x_wconf 76' lang='grc' dir='ltr'><strong>τὸ</strong></span> <span class='ocrx_word' id='word_1_89' title='bbox 504 1715 530 1779; x_wconf 80' lang='grc' dir='ltr'><strong>δ’</strong></span> <span class='ocrx_word' id='word_1_90' title='bbox 553 1713 644 1795; x_wconf 75' lang='grc' dir='ltr'><em>ἕτερον</em></span> <span class='ocrx_word' id='word_1_91' title='bbox 662 1716 740 1780; x_wconf 78' lang='grc' dir='ltr'><em>ἐστιν</em></span> <span class='ocrx_word' id='word_1_92' title='bbox 761 1713 939 1796; x_wconf 75' lang='grc' dir='ltr'><em>Εὐοένδρον”,</em></span> <span class='ocrx_word' id='word_1_93' title='bbox 960 1736 1045 1799; x_wconf 85' lang='lat' dir='ltr'><strong>quae</strong></span> <span class='ocrx_word' id='word_1_94' title='bbox 1067 1717 1257 1781; x_wconf 85' lang='lat' dir='ltr'><strong>Antoniuus</strong></span> 
     </span>
     <span class='ocr_line' id='line_1_12' title="bbox 137 1839 1258 1924; baseline 0.003 -23"><span class='ocrx_word' id='word_1_95' title='bbox 137 1839 218 1901; x_wconf 88' lang='lat' dir='ltr'><strong>Pius</strong></span> <span class='ocrx_word' id='word_1_96' title='bbox 251 1839 362 1903; x_wconf 79' lang='lat' dir='ltr'><strong>fecisse</strong></span> <span class='ocrx_word' id='word_1_97' title='bbox 393 1840 533 1918; x_wconf 87' lang='lat' dir='ltr'><strong>videtur,</strong></span> <span class='ocrx_word' id='word_1_98' title='bbox 566 1841 635 1922; x_wconf 90' lang='lat' dir='ltr'><strong>qni,</strong></span> <span class='ocrx_word' id='word_1_99' title='bbox 663 1841 775 1905; x_wconf 88' lang='lat' dir='ltr'><strong>eodem</strong></span> <span class='ocrx_word' id='word_1_100' title='bbox 799 1846 880 1905; x_wconf 86' lang='lat' dir='ltr'><strong>teste</strong></span> <span class='ocrx_word' id='word_1_101' title='bbox 907 1843 959 1920; x_wconf 78' lang='grc'><strong>43,</strong></span> <span class='ocrx_word' id='word_1_102' title='bbox 986 1842 1014 1919; x_wconf 96' lang='grc'><strong>1,</strong></span> <span class='ocrx_word' id='word_1_103' title='bbox 1038 1861 1159 1924; x_wconf 82' lang='lat' dir='ltr'><strong>pagum</strong></span> <span class='ocrx_word' id='word_1_104' title='bbox 1185 1842 1258 1904; x_wconf 76' lang='lat' dir='ltr'><strong>Par</strong></span> 
     </span>
     <span class='ocr_line' id='line_1_13' title="bbox 137 1963 1258 2048; baseline 0.002 -23"><span class='ocrx_word' id='word_1_105' title='bbox 137 1963 282 2026; x_wconf 84' lang='lat' dir='ltr'><strong>lentium</strong></span> <span class='ocrx_word' id='word_1_106' title='bbox 317 1964 353 2025; x_wconf 89' lang='lat' dir='ltr'><strong>in</strong></span> <span class='ocrx_word' id='word_1_107' title='bbox 390 1963 522 2026; x_wconf 88' lang='lat' dir='ltr'><strong>urbium</strong></span> <span class='ocrx_word' id='word_1_108' title='bbox 559 1983 738 2027; x_wconf 90' lang='lat' dir='ltr'><strong>numerum</strong></span> <span class='ocrx_word' id='word_1_109' title='bbox 775 1965 938 2047; x_wconf 79' lang='lat' dir='ltr'><strong>redigeret</strong></span> <span class='ocrx_word' id='word_1_110' title='bbox 972 1967 1107 2048; x_wconf 82' lang='lat' dir='ltr'><strong>ejusque</strong></span> <span class='ocrx_word' id='word_1_111' title='bbox 1139 1965 1258 2028; x_wconf 77' lang='lat' dir='ltr'><strong>Incolis</strong></span> 
     </span>
     <span class='ocr_line' id='line_1_14' title="bbox 138 2087 830 2170; baseline 0.001 -20"><span class='ocrx_word' id='word_1_112' title='bbox 138 2087 271 2151; x_wconf 85' lang='lat' dir='ltr'><strong>dederat</strong></span> <span class='ocrx_word' id='word_1_113' title='bbox 293 2087 481 2151; x_wconf 86' lang='lat' dir='ltr'><strong>libertatem</strong></span> <span class='ocrx_word' id='word_1_114' title='bbox 505 2089 830 2170; x_wconf 87' lang='lat' dir='ltr'><strong>immunitatemque.</strong></span> 
     </span>
    </p>

    <p class='ocr_par' dir='ltr' id='par_1_3' title="bbox 138 2208 1279 2787">
     <span class='ocr_line' id='line_1_15' title="bbox 185 2208 1256 2294; baseline 0.003 -23"><span class='ocrx_word' id='word_1_115' title='bbox 185 2208 237 2273; x_wconf 85' lang='lat' dir='ltr'><strong>Sic</strong></span> <span class='ocrx_word' id='word_1_116' title='bbox 271 2208 373 2272; x_wconf 85' lang='lat' dir='ltr'><strong>Arcas</strong></span> <span class='ocrx_word' id='word_1_117' title='bbox 402 2210 566 2289; x_wconf 78' lang='lat' dir='ltr'><strong>Evander,</strong></span> <span class='ocrx_word' id='word_1_118' title='bbox 597 2212 654 2292; x_wconf 92' lang='lat' dir='ltr'><strong>qui</strong></span> <span class='ocrx_word' id='word_1_119' title='bbox 687 2213 858 2294; x_wconf 81' lang='lat' dir='ltr'><strong>sexaginta</strong></span> <span class='ocrx_word' id='word_1_120' title='bbox 888 2213 985 2275; x_wconf 85' lang='lat' dir='ltr'><strong>aunis</strong></span> <span class='ocrx_word' id='word_1_121' title='bbox 1016 2217 1094 2275; x_wconf 92' lang='lat' dir='ltr'><strong>ante</strong></span> <span class='ocrx_word' id='word_1_122' title='bbox 1124 2213 1256 2293; x_wconf 85' lang='lat' dir='ltr'><strong>Trojam</strong></span> 
     </span>
     <span class='ocr_line' id='line_1_16' title="bbox 139 2332 1279 2418; baseline 0.001 -21"><span class='ocrx_word' id='word_1_123' title='bbox 139 2336 270 2414; x_wconf 87' lang='lat' dir='ltr'><strong>captam</strong></span> <span class='ocrx_word' id='word_1_124' title='bbox 298 2333 333 2394; x_wconf 91' lang='lat' dir='ltr'><strong>iu</strong></span> <span class='ocrx_word' id='word_1_125' title='bbox 357 2332 528 2395; x_wconf 86' lang='lat' dir='ltr'><strong>Palatium</strong></span> <span class='ocrx_word' id='word_1_126' title='bbox 550 2334 763 2416; x_wconf 85' lang='lat' dir='ltr'><strong>migraverat,</strong></span> <span class='ocrx_word' id='word_1_127' title='bbox 784 2332 962 2416; x_wconf 78' lang='lat' dir='ltr'><strong>aVergilio</strong></span> <span class='ocrx_word' id='word_1_128' title='bbox 981 2334 1097 2411; x_wconf 89' lang='lat' dir='ltr'><strong>elatus,</strong></span> <span class='ocrx_word' id='word_1_129' title='bbox 1111 2334 1279 2418; x_wconf 82' lang='lat' dir='ltr'><strong>Augusto</strong></span> 
     </span>
     <span class='ocr_line' id='line_1_17' title="bbox 138 2458 1258 2541; baseline -0.001 -20"><span class='ocrx_word' id='word_1_130' title='bbox 138 2461 301 2540; x_wconf 76' lang='lat' dir='ltr'><strong>regnante</strong></span> <span class='ocrx_word' id='word_1_131' title='bbox 324 2459 448 2540; x_wconf 89' lang='lat' dir='ltr'><strong>primos</strong></span> <span class='ocrx_word' id='word_1_132' title='bbox 470 2458 603 2521; x_wconf 90' lang='lat' dir='ltr'><strong>divinos</strong></span> <span class='ocrx_word' id='word_1_133' title='bbox 622 2459 759 2522; x_wconf 80' lang='lat' dir='ltr'><strong>honores</strong></span> <span class='ocrx_word' id='word_1_134' title='bbox 778 2460 904 2541; x_wconf 87' lang='lat' dir='ltr'><strong>accepit</strong></span> <span class='ocrx_word' id='word_1_135' title='bbox 926 2459 1026 2539; x_wconf 82' lang='lat' dir='ltr'><strong>(inter</strong></span> <span class='ocrx_word' id='word_1_136' title='bbox 1036 2478 1138 2521; x_wconf 88' lang='lat' dir='ltr'><strong>annos</strong></span> <span class='ocrx_word' id='word_1_137' title='bbox 1152 2460 1258 2521; x_wconf 74' lang='lat' dir='ltr'><strong>18-a</strong></span> 
     </span>
     <span class='ocr_line' id='line_1_18' title="bbox 139 2580 1260 2665; baseline 0 -21"><span class='ocrx_word' id='word_1_138' title='bbox 139 2601 172 2646; x_wconf 93' lang='lat' dir='ltr'><strong>a.</strong></span> <span class='ocrx_word' id='word_1_139' title='bbox 203 2580 280 2645; x_wconf 81' lang='lat' dir='ltr'><strong>Chr.</strong></span> <span class='ocrx_word' id='word_1_140' title='bbox 311 2582 356 2662; x_wconf 89' lang='lat' dir='ltr'><strong>u.)</strong></span> <span class='ocrx_word' id='word_1_141' title='bbox 391 2587 423 2645; x_wconf 89' lang='lat' dir='ltr'><strong>et</strong></span> <span class='ocrx_word' id='word_1_142' title='bbox 456 2601 523 2644; x_wconf 93' lang='lat' dir='ltr'><strong>uno</strong></span> <span class='ocrx_word' id='word_1_143' title='bbox 555 2587 587 2645; x_wconf 89' lang='lat' dir='ltr'><strong>et</strong></span> <span class='ocrx_word' id='word_1_144' title='bbox 616 2582 756 2645; x_wconf 91' lang='lat' dir='ltr'><strong>dimidio</strong></span> <span class='ocrx_word' id='word_1_145' title='bbox 787 2582 855 2645; x_wconf 82' lang='lat' dir='ltr'><strong>fere</strong></span> <span class='ocrx_word' id='word_1_146' title='bbox 887 2582 1017 2646; x_wconf 83' lang='lat' dir='ltr'><strong>saeculo</strong></span> <span class='ocrx_word' id='word_1_147' title='bbox 1047 2588 1119 2665; x_wconf 87' lang='lat' dir='ltr'><strong>post</strong></span> <span class='ocrx_word' id='word_1_148' title='bbox 1141 2584 1176 2644; x_wconf 88' lang='lat' dir='ltr'><strong>in</strong></span> <span class='ocrx_word' id='word_1_149' title='bbox 1199 2601 1260 2645; x_wconf 89' lang='lat' dir='ltr'><strong>sua</strong></span> 
     </span>
     <span class='ocr_line' id='line_1_19' title="bbox 138 2703 1153 2787; baseline 0.004 -22"><span class='ocrx_word' id='word_1_150' title='bbox 138 2704 250 2786; x_wconf 86' lang='lat' dir='ltr'><strong>patria</strong></span> <span class='ocrx_word' id='word_1_151' title='bbox 275 2703 398 2785; x_wconf 89' lang='lat' dir='ltr'><strong>templo</strong></span> <span class='ocrx_word' id='word_1_152' title='bbox 421 2704 579 2786; x_wconf 84' lang='lat' dir='ltr'><strong>signoque</strong></span> <span class='ocrx_word' id='word_1_153' title='bbox 604 2710 750 2783; x_wconf 87' lang='lat' dir='ltr'><strong>ornatus,</strong></span> <span class='ocrx_word' id='word_1_154' title='bbox 774 2705 905 2787; x_wconf 83' lang='lat' dir='ltr'><strong>Superis</strong></span> <span class='ocrx_word' id='word_1_155' title='bbox 928 2705 1072 2768; x_wconf 85' lang='lat' dir='ltr'><strong>adscitus</strong></span> <span class='ocrx_word' id='word_1_156' title='bbox 1094 2711 1153 2769; x_wconf 89' lang='lat' dir='ltr'><strong>est.</strong></span> 
     </span>
    </p>

    <p class='ocr_par' dir='ltr' id='par_1_4' title="bbox 142 2827 1263 3284">
     <span class='ocr_line' id='line_1_20' title="bbox 187 2827 1263 2912; baseline -0.001 -20"><span class='ocrx_word' id='word_1_157' title='bbox 187 2829 396 2911; x_wconf 81' lang='lat' dir='ltr'><strong>Rogantibus</strong></span> <span class='ocrx_word' id='word_1_158' title='bbox 415 2830 497 2911; x_wconf 92' lang='lat' dir='ltr'><strong>quid</strong></span> <span class='ocrx_word' id='word_1_159' title='bbox 516 2828 701 2912; x_wconf 84' lang='lat' dir='ltr'><strong>Vergilium</strong></span> <span class='ocrx_word' id='word_1_160' title='bbox 723 2831 925 2912; x_wconf 89' lang='lat' dir='ltr'><strong>permoverit</strong></span> <span class='ocrx_word' id='word_1_161' title='bbox 944 2835 981 2893; x_wconf 90' lang='lat' dir='ltr'><strong>ut</strong></span> <span class='ocrx_word' id='word_1_162' title='bbox 996 2827 1140 2893; x_wconf 82' lang='lat' dir='ltr'><strong>Aeneam</strong></span> <span class='ocrx_word' id='word_1_163' title='bbox 1154 2830 1263 2892; x_wconf 85' lang='lat' dir='ltr'><strong>Evau-</strong></span> 
     </span>
     <span class='ocr_line' id='line_1_21' title="bbox 142 2953 1261 3036; baseline -0.003 -19"><span class='ocrx_word' id='word_1_164' title='bbox 142 2955 239 3017; x_wconf 90' lang='lat' dir='ltr'><strong>drum</strong></span> <span class='ocrx_word' id='word_1_165' title='bbox 273 2956 435 3018; x_wconf 83' lang='lat' dir='ltr'><strong>visentem</strong></span> <span class='ocrx_word' id='word_1_166' title='bbox 471 2955 619 3036; x_wconf 85' lang='lat' dir='ltr'><strong>fingeret,</strong></span> <span class='ocrx_word' id='word_1_167' title='bbox 653 2953 782 3017; x_wconf 87' lang='lat' dir='ltr'><strong>diversa</strong></span> <span class='ocrx_word' id='word_1_168' title='bbox 819 2972 972 3036; x_wconf 85' lang='lat' dir='ltr'><strong>responsa</strong></span> <span class='ocrx_word' id='word_1_169' title='bbox 1009 2954 1079 3017; x_wconf 89' lang='lat' dir='ltr'><strong>dari</strong></span> <span class='ocrx_word' id='word_1_170' title='bbox 1116 2955 1244 3036; x_wconf 83' lang='lat' dir='ltr'><strong>possint</strong></span> <span class='ocrx_word' id='word_1_171' title='bbox 1252 2979 1261 3032; x_wconf 82' lang='lat'>3</span> 
     </span>
     <span class='ocr_line' id='line_1_22' title="bbox 144 3077 1261 3161; baseline 0.001 -21"><span class='ocrx_word' id='word_1_172' title='bbox 144 3079 227 3141; x_wconf 91' lang='lat' dir='ltr'><strong>mihi</strong></span> <span class='ocrx_word' id='word_1_173' title='bbox 260 3086 372 3143; x_wconf 88' lang='lat' dir='ltr'><strong>autem</strong></span> <span class='ocrx_word' id='word_1_174' title='bbox 404 3079 552 3142; x_wconf 82' lang='lat' dir='ltr'><strong>maxIme</strong></span> <span class='ocrx_word' id='word_1_175' title='bbox 581 3078 704 3141; x_wconf 88' lang='lat' dir='ltr'><strong>arridet</strong></span> <span class='ocrx_word' id='word_1_176' title='bbox 726 3078 812 3159; x_wconf 90' lang='lat' dir='ltr'><strong>quod</strong></span> <span class='ocrx_word' id='word_1_177' title='bbox 844 3078 913 3161; x_wconf 88' lang='lat' dir='ltr'><strong>ipse</strong></span> <span class='ocrx_word' id='word_1_178' title='bbox 944 3078 1033 3143; x_wconf 87' lang='lat' dir='ltr'><strong>dedit</strong></span> <span class='ocrx_word' id='word_1_179' title='bbox 1059 3077 1154 3157; x_wconf 88' lang='lat' dir='ltr'>VIII,</span> <span class='ocrx_word' id='word_1_180' title='bbox 1181 3080 1261 3141; x_wconf 78' lang='lat'>129:</span> 
     </span>
     <span class='ocr_line' id='line_1_23' title="bbox 143 3201 1263 3284; baseline 0 -18"><span class='ocrx_word' id='word_1_181' title='bbox 143 3201 248 3281; x_wconf 86' lang='lat' dir='ltr'><strong>„Non</strong></span> <span class='ocrx_word' id='word_1_182' title='bbox 284 3203 436 3284; x_wconf 89' lang='lat' dir='ltr'><strong>equidem</strong></span> <span class='ocrx_word' id='word_1_183' title='bbox 474 3202 613 3265; x_wconf 85' lang='lat' dir='ltr'><strong>extimui</strong></span> <span class='ocrx_word' id='word_1_184' title='bbox 650 3202 802 3264; x_wconf 88' lang='lat' dir='ltr'><strong>Danaum</strong></span> <span class='ocrx_word' id='word_1_185' title='bbox 835 3202 923 3283; x_wconf 91' lang='lat' dir='ltr'><strong>quod</strong></span> <span class='ocrx_word' id='word_1_186' title='bbox 955 3202 1071 3266; x_wconf 89' lang='lat' dir='ltr'><strong>ductor</strong></span> <span class='ocrx_word' id='word_1_187' title='bbox 1093 3206 1125 3264; x_wconf 91' lang='lat' dir='ltr'><strong>et</strong></span> <span class='ocrx_word' id='word_1_188' title='bbox 1152 3201 1263 3280; x_wconf 85' lang='lat' dir='ltr'><strong>Arcas,</strong></span> 
     </span>
    </p>
   </div>
   <div class='ocr_carea' id='block_1_3' title="bbox 144 3322 1379 3408">
    <p class='ocr_par' dir='ltr' id='par_1_5' title="bbox 144 3322 1379 3408">
     <span class='ocr_line' id='line_1_24' title="bbox 144 3322 1379 3408; baseline 0 -20"><span class='ocrx_word' id='word_1_189' title='bbox 144 3323 313 3407; x_wconf 76' lang='lat' dir='ltr'><strong>Quodque</strong></span> <span class='ocrx_word' id='word_1_190' title='bbox 333 3344 354 3387; x_wconf 84' lang='lat' dir='ltr'><strong>s</strong></span> <span class='ocrx_word' id='word_1_191' title='bbox 388 3326 489 3408; x_wconf 86' lang='lat' dir='ltr'><strong>stirpe</strong></span> <span class='ocrx_word' id='word_1_192' title='bbox 523 3326 605 3389; x_wconf 88' lang='lat' dir='ltr'><strong>fores</strong></span> <span class='ocrx_word' id='word_1_193' title='bbox 635 3325 778 3407; x_wconf 82' lang='lat' dir='ltr'><strong>geminis</strong></span> <span class='ocrx_word' id='word_1_194' title='bbox 811 3327 1008 3406; x_wconf 85' lang='lat' dir='ltr'><strong>conjunctus</strong></span> <span class='ocrx_word' id='word_1_195' title='bbox 1032 3322 1187 3388; x_wconf 86' lang='lat' dir='ltr'><strong>Atridis.’&#39;</strong></span> <span class='ocrx_word' id='word_1_196' title='bbox 1210 3325 1264 3388; x_wconf 84' lang='lat' dir='ltr'><strong>Sic</strong></span> <span class='ocrx_word' id='word_1_197' title='bbox 1370 3346 1379 3365; x_wconf 91' lang='lat'><strong>·</strong></span> 
     </span>
    </p>
   </div>
   <div class='ocr_carea' id='block_1_4' title="bbox 144 3449 1267 3904">
    <p class='ocr_par' dir='ltr' id='par_1_6' title="bbox 144 3449 1267 3904">
     <span class='ocr_line' id='line_1_25' title="bbox 147 3449 1265 3532; baseline -0.004 -15"><span class='ocrx_word' id='word_1_198' title='bbox 147 3457 307 3517; x_wconf 88' lang='lat' dir='ltr'><strong>monstrat</strong></span> <span class='ocrx_word' id='word_1_199' title='bbox 329 3451 526 3515; x_wconf 87' lang='lat' dir='ltr'><strong>inimicitias</strong></span> <span class='ocrx_word' id='word_1_200' title='bbox 549 3450 767 3532; x_wconf 89' lang='lat' dir='ltr'><strong>Trojanorum</strong></span> <span class='ocrx_word' id='word_1_201' title='bbox 792 3449 1061 3531; x_wconf 88' lang='lat' dir='ltr'><strong>Graecorumque</strong></span> <span class='ocrx_word' id='word_1_202' title='bbox 1083 3468 1117 3514; x_wconf 87' lang='lat' dir='ltr'><strong>se</strong></span> <span class='ocrx_word' id='word_1_203' title='bbox 1128 3449 1163 3511; x_wconf 92' lang='lat' dir='ltr'><strong>in</strong></span> <span class='ocrx_word' id='word_1_204' title='bbox 1178 3454 1265 3513; x_wconf 88' lang='lat' dir='ltr'><strong>terra</strong></span> 
     </span>
     <span class='ocr_line' id='line_1_26' title="bbox 144 3571 1267 3648; baseline -0.003 -12"><span class='ocrx_word' id='word_1_205' title='bbox 144 3574 264 3638; x_wconf 86' lang='lat' dir='ltr'><strong>Italica</strong></span> <span class='ocrx_word' id='word_1_206' title='bbox 286 3572 443 3638; x_wconf 90' lang='lat' dir='ltr'><strong>continuo</strong></span> <span class='ocrx_word' id='word_1_207' title='bbox 466 3574 501 3636; x_wconf 95' lang='lat' dir='ltr'><strong>in</strong></span> <span class='ocrx_word' id='word_1_208' title='bbox 525 3573 710 3637; x_wconf 73' lang='lat' dir='ltr'><strong>amicitIam</strong></span> <span class='ocrx_word' id='word_1_209' title='bbox 737 3572 936 3635; x_wconf 90' lang='lat' dir='ltr'><strong>convertisse</strong></span> <span class='ocrx_word' id='word_1_210' title='bbox 958 3576 1026 3633; x_wconf 90' lang='lat' dir='ltr'><strong>tarn</strong></span> <span class='ocrx_word' id='word_1_211' title='bbox 1042 3571 1216 3648; x_wconf 80' lang='lat' dir='ltr'><strong>sinceram,</strong></span> <span class='ocrx_word' id='word_1_212' title='bbox 1229 3577 1267 3634; x_wconf 89' lang='lat' dir='ltr'><strong>ut</strong></span> 
     </span>
     <span class='ocr_line' id='line_1_27' title="bbox 145 3694 1267 3780; baseline -0.001 -20"><span class='ocrx_word' id='word_1_213' title='bbox 145 3717 188 3761; x_wconf 90' lang='lat' dir='ltr'><strong>ne</strong></span> <span class='ocrx_word' id='word_1_214' title='bbox 210 3717 301 3763; x_wconf 84' lang='lat' dir='ltr'><strong>mors</strong></span> <span class='ocrx_word' id='word_1_215' title='bbox 322 3698 457 3780; x_wconf 91' lang='lat' dir='ltr'><strong>quidem</strong></span> <span class='ocrx_word' id='word_1_216' title='bbox 481 3695 650 3772; x_wconf 88' lang='lat' dir='ltr'><strong>Pallantis,</strong></span> <span class='ocrx_word' id='word_1_217' title='bbox 674 3694 822 3758; x_wconf 81' lang='lat' dir='ltr'><strong>Evandri</strong></span> <span class='ocrx_word' id='word_1_218' title='bbox 850 3694 922 3773; x_wconf 88' lang='lat' dir='ltr'><strong>filii,</strong></span> <span class='ocrx_word' id='word_1_219' title='bbox 945 3695 1077 3759; x_wconf 88' lang='lat' dir='ltr'><strong>Aeneae</strong></span> <span class='ocrx_word' id='word_1_220' title='bbox 1089 3696 1165 3759; x_wconf 90' lang='lat' dir='ltr'><strong>fidei</strong></span> <span class='ocrx_word' id='word_1_221' title='bbox 1178 3715 1267 3759; x_wconf 90' lang='lat' dir='ltr'><strong>com·</strong></span> 
     </span>
     <span class='ocr_line' id='line_1_28' title="bbox 147 3817 1263 3904; baseline -0.004 -18"><span class='ocrx_word' id='word_1_222' title='bbox 147 3824 247 3900; x_wconf 90' lang='lat' dir='ltr'><strong>missi,</strong></span> <span class='ocrx_word' id='word_1_223' title='bbox 283 3842 356 3887; x_wconf 85' lang='lat' dir='ltr'><strong>eam</strong></span> <span class='ocrx_word' id='word_1_224' title='bbox 392 3822 582 3904; x_wconf 90' lang='lat' dir='ltr'><strong>dirumpere</strong></span> <span class='ocrx_word' id='word_1_225' title='bbox 615 3821 762 3902; x_wconf 90' lang='lat' dir='ltr'><strong>potuerit</strong></span> <span class='ocrx_word' id='word_1_226' title='bbox 794 3819 835 3882; x_wconf 83' lang='lat' dir='ltr'><strong>cf.</strong></span> <span class='ocrx_word' id='word_1_227' title='bbox 871 3817 928 3896; x_wconf 88' lang='lat' dir='ltr'><strong>XI,</strong></span> <span class='ocrx_word' id='word_1_228' title='bbox 963 3820 1036 3895; x_wconf 88' lang='grc'>164,</span> <span class='ocrx_word' id='word_1_229' title='bbox 1059 3819 1176 3884; x_wconf 88' lang='lat' dir='ltr'><strong>deinde</strong></span> <span class='ocrx_word' id='word_1_230' title='bbox 1195 3823 1263 3902; x_wconf 91' lang='lat' dir='ltr'><strong>jam</strong></span> 
     </span>
    </p>
   </div>
   <div class='ocr_carea' id='block_1_5' title="bbox 148 3922 1319 4024">
    <p class='ocr_par' dir='ltr' id='par_1_7' title="bbox 148 3922 1319 4024">
     <span class='ocr_line' id='line_1_29' title="bbox 148 3922 1319 4024; baseline -0.001 -18"><span class='ocrx_word' id='word_1_231' title='bbox 148 3943 294 4008; x_wconf 88' lang='lat' dir='ltr'><strong>Aeneam</strong></span> <span class='ocrx_word' id='word_1_232' title='bbox 332 3948 479 4008; x_wconf 88' lang='lat' dir='ltr'><strong>montem</strong></span> <span class='ocrx_word' id='word_1_233' title='bbox 515 3943 705 4006; x_wconf 87' lang='lat' dir='ltr'><strong>Palatinum</strong></span> <span class='ocrx_word' id='word_1_234' title='bbox 742 3942 871 4018; x_wconf 88' lang='lat' dir='ltr'><strong>adiisse,</strong></span> <span class='ocrx_word' id='word_1_235' title='bbox 904 3942 961 4022; x_wconf 90' lang='lat' dir='ltr'><strong>qui</strong></span> <span class='ocrx_word' id='word_1_236' title='bbox 993 3943 1080 4024; x_wconf 86' lang='lat' dir='ltr'><strong>apud</strong></span> <span class='ocrx_word' id='word_1_237' title='bbox 1103 3941 1269 4006; x_wconf 86' lang='lat' dir='ltr'><strong>Romanos</strong></span> <span class='ocrx_word' id='word_1_238' title='bbox 1317 3922 1319 3925; x_wconf 35' lang='grc'>’</span> 
     </span>
    </p>
   </div>
   <div class='ocr_carea' id='block_1_6' title="bbox 138 4065 1270 4397">
    <p class='ocr_par' dir='ltr' id='par_1_8' title="bbox 138 4065 1270 4397">
     <span class='ocr_line' id='line_1_30' title="bbox 138 4065 1266 4152; baseline -0.004 -19"><span class='ocrx_word' id='word_1_239' title='bbox 138 4076 278 4152; x_wconf 87' lang='lat' dir='ltr'><strong>praeter</strong></span> <span class='ocrx_word' id='word_1_240' title='bbox 300 4067 501 4150; x_wconf 81' lang='lat' dir='ltr'><strong>Capitolium</strong></span> <span class='ocrx_word' id='word_1_241' title='bbox 527 4087 656 4150; x_wconf 90' lang='lat' dir='ltr'><strong>semper</strong></span> <span class='ocrx_word' id='word_1_242' title='bbox 679 4066 826 4129; x_wconf 85' lang='lat' dir='ltr'><strong>maximo</strong></span> <span class='ocrx_word' id='word_1_243' title='bbox 856 4066 980 4129; x_wconf 91' lang='lat' dir='ltr'><strong>honore</strong></span> <span class='ocrx_word' id='word_1_244' title='bbox 1001 4065 1133 4143; x_wconf 86' lang='lat' dir='ltr'><strong>colitur,</strong></span> <span class='ocrx_word' id='word_1_245' title='bbox 1157 4065 1266 4128; x_wconf 90' lang='lat' dir='ltr'><strong>sedem</strong></span> 
     </span>
     <span class='ocr_line' id='line_1_31' title="bbox 149 4189 1268 4274; baseline -0.006 -16"><span class='ocrx_word' id='word_1_246' title='bbox 149 4199 182 4258; x_wconf 90' lang='lat' dir='ltr'><strong>et</strong></span> <span class='ocrx_word' id='word_1_247' title='bbox 211 4193 428 4274; x_wconf 85' lang='lat' dir='ltr'><strong>antiquarum</strong></span> <span class='ocrx_word' id='word_1_248' title='bbox 460 4196 493 4254; x_wconf 90' lang='lat' dir='ltr'><strong>et</strong></span> <span class='ocrx_word' id='word_1_249' title='bbox 522 4191 565 4254; x_wconf 91' lang='lat' dir='ltr'><strong>ab</strong></span> <span class='ocrx_word' id='word_1_250' title='bbox 596 4190 747 4272; x_wconf 82' lang='lat' dir='ltr'><strong>Augusto</strong></span> <span class='ocrx_word' id='word_1_251' title='bbox 781 4195 1019 4252; x_wconf 87' lang='lat' dir='ltr'><strong>renovatarum</strong></span> <span class='ocrx_word' id='word_1_252' title='bbox 1048 4189 1268 4252; x_wconf 88' lang='lat' dir='ltr'><strong>caeremonia·</strong></span> 
     </span>
     <span class='ocr_line' id='line_1_32' title="bbox 150 4311 1270 4397; baseline -0.004 -16"><span class='ocrx_word' id='word_1_253' title='bbox 150 4338 235 4396; x_wconf 88' lang='lat' dir='ltr'><strong>rum,</strong></span> <span class='ocrx_word' id='word_1_254' title='bbox 274 4315 332 4378; x_wconf 92' lang='lat' dir='ltr'><strong>ubi</strong></span> <span class='ocrx_word' id='word_1_255' title='bbox 369 4319 538 4397; x_wconf 87' lang='lat' dir='ltr'><strong>praeterea</strong></span> <span class='ocrx_word' id='word_1_256' title='bbox 569 4319 638 4397; x_wconf 88' lang='lat' dir='ltr'><strong>ejus</strong></span> <span class='ocrx_word' id='word_1_257' title='bbox 667 4315 783 4379; x_wconf 90' lang='lat' dir='ltr'><strong>domus</strong></span> <span class='ocrx_word' id='word_1_258' title='bbox 821 4316 902 4376; x_wconf 88' lang='lat' dir='ltr'><strong>erat.</strong></span> <span class='ocrx_word' id='word_1_259' title='bbox 939 4311 1045 4374; x_wconf 79' lang='lat' dir='ltr'><strong>SImul</strong></span> <span class='ocrx_word' id='word_1_260' title='bbox 1078 4316 1175 4395; x_wconf 86' lang='lat' dir='ltr'><strong>poeta</strong></span> <span class='ocrx_word' id='word_1_261' title='bbox 1205 4311 1270 4377; x_wconf 89' lang='lat' dir='ltr'><strong>sibi</strong></span> 
     </span>
    </p>
   </div>
   <div class='ocr_carea' id='block_1_7' title="bbox 0 0 1504 5040">
    <p class='ocr_par' dir='ltr' id='par_1_9' title="bbox 0 0 1504 5040">
     <span class='ocr_line' id='line_1_33' title="bbox 0 0 1504 5040; baseline 0 0"><span class='ocrx_word' id='word_1_262' title='bbox 0 0 1504 5040; x_wconf 95' lang='lat' dir='ltr'><strong> </strong></span> 
     </span>
    </p>
   </div>
  </div>
 </body>
</html>
