<?xml version="1.0" encoding="UTF-8"?>
<!DOCTYPE html PUBLIC "-//W3C//DTD XHTML 1.0 Transitional//EN"
    "http://www.w3.org/TR/xhtml1/DTD/xhtml1-transitional.dtd">
<html xmlns="http://www.w3.org/1999/xhtml" xml:lang="en" lang="en">
 <head>
  <title>
</title>
<meta http-equiv="Content-Type" content="text/html;charset=utf-8" />
  <meta name='ocr-system' content='tesseract 3.04.00' />
  <meta name='ocr-capabilities' content='ocr_page ocr_carea ocr_par ocr_line ocrx_word'/>
</head>
<body>
  <div class='ocr_page' id='page_1' title='image "./quaestionesdefa00kindgoog_0045.png"; bbox 0 0 2956 5040; ppageno 0'>
   <div class='ocr_carea' id='block_1_1' title="bbox 766 386 807 445">
    <p class='ocr_par' dir='ltr' id='par_1_1' title="bbox 766 386 807 445">
     <span class='ocr_line' id='line_1_1' title="bbox 766 386 807 445; baseline 0 0"><span class='ocrx_word' id='word_1_1' title='bbox 766 386 807 445; x_wconf 74' lang='lat'><strong>32</strong></span> 
     </span>
    </p>
   </div>
   <div class='ocr_carea' id='block_1_2' title="bbox 231 585 1356 1279">
    <p class='ocr_par' dir='ltr' id='par_1_2' title="bbox 231 585 1356 1028">
     <span class='ocr_line' id='line_1_2' title="bbox 231 585 1356 678; baseline -0.011 -20"><span class='ocrx_word' id='word_1_2' title='bbox 231 613 405 678; x_wconf 82' lang='lat' dir='ltr'><strong>superesse,</strong></span> <span class='ocrx_word' id='word_1_3' title='bbox 439 594 504 657; x_wconf 90' lang='lat' dir='ltr'><strong>nisi</strong></span> <span class='ocrx_word' id='word_1_4' title='bbox 534 592 674 656; x_wconf 82' lang='lat' dir='ltr'><strong>Tzetzen</strong></span> <span class='ocrx_word' id='word_1_5' title='bbox 705 591 957 655; x_wconf 91' lang='lat' dir='ltr'><strong>commentatori</strong></span> <span class='ocrx_word' id='word_1_6' title='bbox 981 585 1149 671; x_wconf 80' lang='lat' dir='ltr'><strong>Euripidis</strong></span> <span class='ocrx_word' id='word_1_7' title='bbox 1172 591 1356 669; x_wconf 84' lang='lat' dir='ltr'><strong>antepone·</strong></span> 
     </span>
     <span class='ocr_line' id='line_1_3' title="bbox 234 709 1356 801; baseline -0.008 -20"><span class='ocrx_word' id='word_1_8' title='bbox 234 739 315 797; x_wconf 91' lang='lat' dir='ltr'><strong>mus,</strong></span> <span class='ocrx_word' id='word_1_9' title='bbox 339 738 480 801; x_wconf 90' lang='lat' dir='ltr'><strong>quorum</strong></span> <span class='ocrx_word' id='word_1_10' title='bbox 506 718 564 781; x_wconf 93' lang='lat' dir='ltr'><strong>ille</strong></span> <span class='ocrx_word' id='word_1_11' title='bbox 587 718 742 794; x_wconf 87' lang='lat' dir='ltr'><strong>Leschen,</strong></span> <span class='ocrx_word' id='word_1_12' title='bbox 763 717 817 780; x_wconf 92' lang='lat' dir='ltr'><strong>hic</strong></span> <span class='ocrx_word' id='word_1_13' title='bbox 836 715 1010 778; x_wconf 86' lang='lat' dir='ltr'><strong>Simmiam</strong></span> <span class='ocrx_word' id='word_1_14' title='bbox 1033 718 1198 777; x_wconf 73' lang='lat' dir='ltr'><strong>auctorem</strong></span> <span class='ocrx_word' id='word_1_15' title='bbox 1219 709 1356 774; x_wconf 82' lang='lat' dir='ltr'><strong>fabulae</strong></span> 
     </span>
     <span class='ocr_line' id='line_1_4' title="bbox 233 834 1356 924; baseline -0.007 -19"><span class='ocrx_word' id='word_1_16' title='bbox 233 843 319 920; x_wconf 89' lang='lat' dir='ltr'><strong>lacit,</strong></span> <span class='ocrx_word' id='word_1_17' title='bbox 351 861 437 924; x_wconf 89' lang='lat' dir='ltr'><strong>quae</strong></span> <span class='ocrx_word' id='word_1_18' title='bbox 469 843 627 916; x_wconf 84' lang='lat' dir='ltr'><strong>Aeneam,</strong></span> <span class='ocrx_word' id='word_1_19' title='bbox 651 837 819 924; x_wconf 85' lang='lat' dir='ltr'><strong>captivum</strong></span> <span class='ocrx_word' id='word_1_20' title='bbox 847 838 995 915; x_wconf 76' lang='lat' dir='ltr'><strong>Achillis,</strong></span> <span class='ocrx_word' id='word_1_21' title='bbox 1022 858 1098 901; x_wconf 90' lang='lat' dir='ltr'><strong>eum</strong></span> <span class='ocrx_word' id='word_1_22' title='bbox 1123 834 1356 899; x_wconf 79' lang='lat' dir='ltr'><strong>Andromache</strong></span> 
     </span>
     <span class='ocr_line' id='line_1_5' title="bbox 231 965 886 1028; baseline -0.005 0"><span class='ocrx_word' id='word_1_23' title='bbox 231 965 438 1028; x_wconf 86' lang='lat' dir='ltr'><strong>Pharsaliam</strong></span> <span class='ocrx_word' id='word_1_24' title='bbox 462 965 639 1027; x_wconf 87' lang='lat' dir='ltr'><strong>abductum</strong></span> <span class='ocrx_word' id='word_1_25' title='bbox 666 983 734 1028; x_wconf 88' lang='lat' dir='ltr'><strong>esse</strong></span> <span class='ocrx_word' id='word_1_26' title='bbox 761 968 886 1026; x_wconf 87' lang='lat' dir='ltr'><strong>narrat.</strong></span> 
     </span>
    </p>

    <p class='ocr_par' dir='ltr' id='par_1_3' title="bbox 233 1084 1356 1279">
     <span class='ocr_line' id='line_1_6' title="bbox 279 1084 1356 1171; baseline -0.005 -20"><span class='ocrx_word' id='word_1_27' title='bbox 279 1088 423 1153; x_wconf 88' lang='lat' dir='ltr'><strong>Acusilai</strong></span> <span class='ocrx_word' id='word_1_28' title='bbox 442 1090 657 1153; x_wconf 79' lang='lat' dir='ltr'><strong>annotatione</strong></span> <span class='ocrx_word' id='word_1_29' title='bbox 677 1090 739 1171; x_wconf 88' lang='lat' dir='ltr'><strong>(pg.</strong></span> <span class='ocrx_word' id='word_1_30' title='bbox 763 1089 814 1170; x_wconf 87' lang='grc'><strong>16)</strong></span> <span class='ocrx_word' id='word_1_31' title='bbox 834 1091 971 1169; x_wconf 87' lang='lat' dir='ltr'><strong>excepta</strong></span> <span class='ocrx_word' id='word_1_32' title='bbox 992 1088 1057 1150; x_wconf 90' lang='lat' dir='ltr'><strong>sere</strong></span> <span class='ocrx_word' id='word_1_33' title='bbox 1076 1106 1132 1169; x_wconf 88' lang='lat' dir='ltr'><strong>per</strong></span> <span class='ocrx_word' id='word_1_34' title='bbox 1144 1086 1208 1148; x_wconf 89' lang='lat' dir='ltr'><strong>tria</strong></span> <span class='ocrx_word' id='word_1_35' title='bbox 1220 1084 1356 1147; x_wconf 88' lang='lat' dir='ltr'><strong>saecula</strong></span> 
     </span>
     <span class='ocr_line' id='line_1_7' title="bbox 233 1210 1356 1279; baseline -0.008 0"><span class='ocrx_word' id='word_1_36' title='bbox 233 1215 348 1279; x_wconf 90' lang='lat' dir='ltr'><strong>omnia</strong></span> <span class='ocrx_word' id='word_1_37' title='bbox 367 1217 407 1278; x_wconf 91' lang='lat' dir='ltr'><strong>de</strong></span> <span class='ocrx_word' id='word_1_38' title='bbox 429 1214 542 1278; x_wconf 83' lang='lat' dir='ltr'><strong>fabula</strong></span> <span class='ocrx_word' id='word_1_39' title='bbox 560 1215 752 1277; x_wconf 88' lang='lat' dir='ltr'><strong>testimonia</strong></span> <span class='ocrx_word' id='word_1_40' title='bbox 770 1213 888 1277; x_wconf 88' lang='lat' dir='ltr'><strong>desunt</strong></span> <span class='ocrx_word' id='word_1_41' title='bbox 908 1215 1012 1277; x_wconf 90' lang='lat' dir='ltr'><strong>donec</strong></span> <span class='ocrx_word' id='word_1_42' title='bbox 1024 1212 1198 1276; x_wconf 88' lang='lat' dir='ltr'><strong>Hellanico</strong></span> <span class='ocrx_word' id='word_1_43' title='bbox 1213 1210 1356 1275; x_wconf 90' lang='lat' dir='ltr'><strong>occurri·</strong></span> 
     </span>
    </p>
   </div>
   <div class='ocr_carea' id='block_1_3' title="bbox 235 1331 1356 1440">
    <p class='ocr_par' dir='ltr' id='par_1_4' title="bbox 235 1331 1356 1440">
     <span class='ocr_line' id='line_1_8' title="bbox 235 1331 1356 1440; baseline -0.002 -39"><span class='ocrx_word' id='word_1_44' title='bbox 235 1358 317 1418; x_wconf 79' lang='lat' dir='ltr'><strong>nius,</strong></span> <span class='ocrx_word' id='word_1_45' title='bbox 336 1339 394 1420; x_wconf 89' lang='lat' dir='ltr'><strong>qui</strong></span> <span class='ocrx_word' id='word_1_46' title='bbox 407 1339 560 1405; x_wconf 91' lang='lat' dir='ltr'><strong>omnium</strong></span> <span class='ocrx_word' id='word_1_47' title='bbox 574 1339 701 1440; x_wconf 84' lang='lat' dir='ltr'><strong>primus</strong></span> <span class='ocrx_word' id='word_1_48' title='bbox 715 1336 846 1402; x_wconf 83' lang='lat' dir='ltr'><strong>Aeneae</strong></span> <span class='ocrx_word' id='word_1_49' title='bbox 858 1337 957 1421; x_wconf 89' lang='lat' dir='ltr'><strong>Troja</strong></span> <span class='ocrx_word' id='word_1_50' title='bbox 968 1343 1064 1419; x_wconf 88' lang='lat' dir='ltr'><strong>cepta</strong></span> <span class='ocrx_word' id='word_1_51' title='bbox 1076 1337 1188 1419; x_wconf 86' lang='lat' dir='ltr'><strong>fugam</strong></span> <span class='ocrx_word' id='word_1_52' title='bbox 1202 1335 1244 1398; x_wconf 90' lang='lat' dir='ltr'><strong>ad</strong></span> <span class='ocrx_word' id='word_1_53' title='bbox 1257 1331 1356 1399; x_wconf 91' lang='lat' dir='ltr'><strong>Idam</strong></span> 
     </span>
    </p>
   </div>
   <div class='ocr_carea' id='block_1_4' title="bbox 234 1442 1363 4388">
    <p class='ocr_par' dir='ltr' id='par_1_5' title="bbox 234 1442 1363 4388">
     <span class='ocr_line' id='line_1_9' title="bbox 234 1442 1357 1545; baseline -0.004 -20"><span class='ocrx_word' id='word_1_54' title='bbox 234 1466 380 1545; x_wconf 77' lang='lat' dir='ltr'><strong>eJusque,</strong></span> <span class='ocrx_word' id='word_1_55' title='bbox 416 1482 492 1526; x_wconf 91' lang='lat' dir='ltr'><strong>cum</strong></span> <span class='ocrx_word' id='word_1_56' title='bbox 525 1462 636 1526; x_wconf 90' lang='lat' dir='ltr'><strong>liberis</strong></span> <span class='ocrx_word' id='word_1_57' title='bbox 667 1467 796 1543; x_wconf 86' lang='lat' dir='ltr'><strong>praeter</strong></span> <span class='ocrx_word' id='word_1_58' title='bbox 827 1462 1023 1538; x_wconf 77' lang='lat' dir='ltr'><strong>Ascanium,</strong></span> <span class='ocrx_word' id='word_1_59' title='bbox 1054 1442 1287 1542; x_wconf 79' lang='lat' dir='ltr'><strong>migrationem</strong></span> <span class='ocrx_word' id='word_1_60' title='bbox 1314 1458 1357 1521; x_wconf 87' lang='lat' dir='ltr'><strong>ad</strong></span> 
     </span>
     <span class='ocr_line' id='line_1_10' title="bbox 234 1583 1357 1667; baseline -0.003 -18"><span class='ocrx_word' id='word_1_61' title='bbox 234 1587 394 1650; x_wconf 88' lang='lat' dir='ltr'><strong>Pallenen</strong></span> <span class='ocrx_word' id='word_1_62' title='bbox 431 1592 552 1651; x_wconf 88' lang='lat' dir='ltr'><strong>narrat.</strong></span> <span class='ocrx_word' id='word_1_63' title='bbox 588 1586 805 1650; x_wconf 88' lang='lat' dir='ltr'><strong>Memorabile</strong></span> <span class='ocrx_word' id='word_1_64' title='bbox 838 1591 950 1649; x_wconf 89' lang='lat' dir='ltr'><strong>autem</strong></span> <span class='ocrx_word' id='word_1_65' title='bbox 984 1589 1033 1648; x_wconf 88' lang='lat' dir='ltr'><strong>est</strong></span> <span class='ocrx_word' id='word_1_66' title='bbox 1056 1604 1117 1649; x_wconf 91' lang='lat' dir='ltr'><strong>nos</strong></span> <span class='ocrx_word' id='word_1_67' title='bbox 1139 1583 1226 1667; x_wconf 89' lang='lat' dir='ltr'><strong>apud</strong></span> <span class='ocrx_word' id='word_1_68' title='bbox 1248 1583 1357 1646; x_wconf 89' lang='lat' dir='ltr'><strong>Hero-</strong></span> 
     </span>
     <span class='ocr_line' id='line_1_11' title="bbox 235 1706 1357 1793; baseline -0.002 -20"><span class='ocrx_word' id='word_1_69' title='bbox 235 1712 361 1787; x_wconf 89' lang='lat' dir='ltr'><strong>dotum,</strong></span> <span class='ocrx_word' id='word_1_70' title='bbox 392 1712 451 1792; x_wconf 92' lang='lat' dir='ltr'><strong>qui</strong></span> <span class='ocrx_word' id='word_1_71' title='bbox 482 1729 577 1793; x_wconf 87' lang='lat' dir='ltr'><strong>saepe</strong></span> <span class='ocrx_word' id='word_1_72' title='bbox 608 1711 770 1786; x_wconf 88' lang='lat' dir='ltr'><strong>Troaden,</strong></span> <span class='ocrx_word' id='word_1_73' title='bbox 800 1710 969 1788; x_wconf 90' lang='lat' dir='ltr'><strong>Pallenen,</strong></span> <span class='ocrx_word' id='word_1_74' title='bbox 994 1707 1139 1773; x_wconf 78' lang='lat' dir='ltr'><strong>Aeneam</strong></span> <span class='ocrx_word' id='word_1_75' title='bbox 1165 1706 1357 1771; x_wconf 75' lang='lat' dir='ltr'><strong>atilanum</strong></span> 
     </span>
     <span class='ocr_line' id='line_1_12' title="bbox 236 1832 1359 1918; baseline -0.004 -19"><span class='ocrx_word' id='word_1_76' title='bbox 236 1841 487 1913; x_wconf 88' lang='lat' dir='ltr'><strong>commemorat,</strong></span> <span class='ocrx_word' id='word_1_77' title='bbox 512 1854 554 1898; x_wconf 90' lang='lat' dir='ltr'><strong>ne</strong></span> <span class='ocrx_word' id='word_1_78' title='bbox 578 1835 754 1918; x_wconf 91' lang='lat' dir='ltr'><strong>vestigium</strong></span> <span class='ocrx_word' id='word_1_79' title='bbox 779 1835 906 1916; x_wconf 89' lang='lat' dir='ltr'><strong>quidem</strong></span> <span class='ocrx_word' id='word_1_80' title='bbox 931 1834 1063 1898; x_wconf 81' lang='lat' dir='ltr'><strong>Aeneae</strong></span> <span class='ocrx_word' id='word_1_81' title='bbox 1085 1833 1246 1911; x_wconf 87' lang='lat' dir='ltr'><strong>invenire,</strong></span> <span class='ocrx_word' id='word_1_82' title='bbox 1267 1832 1359 1914; x_wconf 90' lang='lat' dir='ltr'><strong>quod</strong></span> 
     </span>
     <span class='ocr_line' id='line_1_13' title="bbox 235 1955 1357 2040; baseline -0.004 -19"><span class='ocrx_word' id='word_1_83' title='bbox 235 1958 406 2021; x_wconf 88' lang='lat' dir='ltr'><strong>silentium</strong></span> <span class='ocrx_word' id='word_1_84' title='bbox 433 1958 516 2020; x_wconf 91' lang='lat' dir='ltr'><strong>mihi</strong></span> <span class='ocrx_word' id='word_1_85' title='bbox 540 1977 701 2040; x_wconf 86' lang='lat' dir='ltr'><strong>magnum</strong></span> <span class='ocrx_word' id='word_1_86' title='bbox 723 1959 872 2040; x_wconf 86' lang='lat' dir='ltr'><strong>figmenti</strong></span> <span class='ocrx_word' id='word_1_87' title='bbox 896 1958 1124 2022; x_wconf 89' lang='lat' dir='ltr'><strong>testimonium</strong></span> <span class='ocrx_word' id='word_1_88' title='bbox 1150 1957 1279 2020; x_wconf 88' lang='lat' dir='ltr'><strong>ridetur</strong></span> <span class='ocrx_word' id='word_1_89' title='bbox 1304 1955 1357 2037; x_wconf 84' lang='lat' dir='ltr'><strong>(cl.</strong></span> 
     </span>
     <span class='ocr_line' id='line_1_14' title="bbox 237 2083 1359 2166; baseline -0.001 -20"><span class='ocrx_word' id='word_1_90' title='bbox 237 2084 393 2147; x_wconf 90' lang='lat' dir='ltr'><strong>Herodot.</strong></span> <span class='ocrx_word' id='word_1_91' title='bbox 419 2084 459 2161; x_wconf 89' lang='lat' dir='ltr'><strong>V,</strong></span> <span class='ocrx_word' id='word_1_92' title='bbox 486 2083 536 2160; x_wconf 87' lang='lat'><strong>13,</strong></span> <span class='ocrx_word' id='word_1_93' title='bbox 559 2084 634 2162; x_wconf 91' lang='lat' dir='ltr'><strong>VH,</strong></span> <span class='ocrx_word' id='word_1_94' title='bbox 661 2085 725 2166; x_wconf 79' lang='lat'><strong>20.)</strong></span> <span class='ocrx_word' id='word_1_95' title='bbox 747 2085 921 2166; x_wconf 86' lang='lat' dir='ltr'><strong>Sophocles</strong></span> <span class='ocrx_word' id='word_1_96' title='bbox 946 2085 1101 2158; x_wconf 83' lang='lat' dir='ltr'><strong>Aeneam,</strong></span> <span class='ocrx_word' id='word_1_97' title='bbox 1122 2083 1268 2146; x_wconf 90' lang='lat' dir='ltr'><strong>humeris</strong></span> <span class='ocrx_word' id='word_1_98' title='bbox 1288 2084 1359 2146; x_wconf 88' lang='lat' dir='ltr'><strong>suis</strong></span> 
     </span>
     <span class='ocr_line' id='line_1_15' title="bbox 237 2207 1354 2290; baseline 0.002 -22"><span class='ocrx_word' id='word_1_99' title='bbox 237 2211 364 2290; x_wconf 88' lang='lat' dir='ltr'><strong>petrem</strong></span> <span class='ocrx_word' id='word_1_100' title='bbox 385 2226 425 2270; x_wconf 88' lang='lat' dir='ltr'><strong>ex</strong></span> <span class='ocrx_word' id='word_1_101' title='bbox 446 2208 528 2272; x_wconf 92' lang='lat' dir='ltr'><strong>urbe</strong></span> <span class='ocrx_word' id='word_1_102' title='bbox 548 2209 748 2287; x_wconf 87' lang='lat' dir='ltr'><strong>efferentem,</strong></span> <span class='ocrx_word' id='word_1_103' title='bbox 762 2215 875 2290; x_wconf 89' lang='lat' dir='ltr'><strong>postea</strong></span> <span class='ocrx_word' id='word_1_104' title='bbox 886 2228 961 2272; x_wconf 91' lang='lat' dir='ltr'><strong>cum</strong></span> <span class='ocrx_word' id='word_1_105' title='bbox 975 2228 1014 2273; x_wconf 87' lang='lat' dir='ltr'><strong>eo</strong></span> <span class='ocrx_word' id='word_1_106' title='bbox 1028 2207 1233 2289; x_wconf 79' lang='lat' dir='ltr'><strong>Ascanioque</strong></span> <span class='ocrx_word' id='word_1_107' title='bbox 1246 2207 1354 2270; x_wconf 87' lang='lat' dir='ltr'><strong>altum</strong></span> 
     </span>
     <span class='ocr_line' id='line_1_16' title="bbox 237 2320 1357 2415; baseline -0.001 -21"><span class='ocrx_word' id='word_1_108' title='bbox 237 2335 405 2413; x_wconf 90' lang='lat' dir='ltr'><strong>petentem</strong></span> <span class='ocrx_word' id='word_1_109' title='bbox 429 2332 575 2413; x_wconf 82' lang='lat' dir='ltr'><strong>depingit</strong></span> <span class='ocrx_word' id='word_1_110' title='bbox 602 2332 666 2415; x_wconf 90' lang='lat' dir='ltr'><strong>(pg.</strong></span> <span class='ocrx_word' id='word_1_111' title='bbox 692 2333 754 2414; x_wconf 89' lang='lat'>16).</span> <span class='ocrx_word' id='word_1_112' title='bbox 778 2320 963 2415; x_wconf 89' lang='lat' dir='ltr'><strong>Xenophon</strong></span> <span class='ocrx_word' id='word_1_113' title='bbox 984 2353 1060 2397; x_wconf 88' lang='lat' dir='ltr'><strong>eum</strong></span> <span class='ocrx_word' id='word_1_114' title='bbox 1086 2351 1151 2395; x_wconf 92' lang='lat' dir='ltr'><strong>non</strong></span> <span class='ocrx_word' id='word_1_115' title='bbox 1175 2333 1274 2395; x_wconf 88' lang='lat' dir='ltr'><strong>rebus</strong></span> <span class='ocrx_word' id='word_1_116' title='bbox 1286 2332 1357 2395; x_wconf 89' lang='lat' dir='ltr'><strong>suis</strong></span> 
     </span>
     <span class='ocr_line' id='line_1_17' title="bbox 237 2456 1360 2541; baseline 0.003 -24"><span class='ocrx_word' id='word_1_117' title='bbox 237 2456 416 2538; x_wconf 86' lang='lat' dir='ltr'><strong>spoliatum</strong></span> <span class='ocrx_word' id='word_1_118' title='bbox 442 2457 531 2535; x_wconf 88' lang='lat' dir='ltr'><strong>dicit,</strong></span> <span class='ocrx_word' id='word_1_119' title='bbox 556 2459 636 2540; x_wconf 90' lang='lat' dir='ltr'><strong>qnia</strong></span> <span class='ocrx_word' id='word_1_120' title='bbox 658 2459 762 2540; x_wconf 90' lang='lat' dir='ltr'><strong>patris</strong></span> <span class='ocrx_word' id='word_1_121' title='bbox 787 2459 966 2541; x_wconf 89' lang='lat' dir='ltr'><strong>matrisque</strong></span> <span class='ocrx_word' id='word_1_122' title='bbox 989 2459 1065 2523; x_wconf 88' lang='lat' dir='ltr'><strong>dees</strong></span> <span class='ocrx_word' id='word_1_123' title='bbox 1089 2463 1121 2522; x_wconf 92' lang='lat' dir='ltr'><strong>et</strong></span> <span class='ocrx_word' id='word_1_124' title='bbox 1144 2463 1270 2539; x_wconf 89' lang='lat' dir='ltr'><strong>patrem</strong></span> <span class='ocrx_word' id='word_1_125' title='bbox 1293 2477 1360 2520; x_wconf 88' lang='lat' dir='ltr'><strong>ser·</strong></span> 
     </span>
     <span class='ocr_line' id='line_1_18' title="bbox 237 2580 1359 2665; baseline 0.004 -25"><span class='ocrx_word' id='word_1_126' title='bbox 237 2580 381 2642; x_wconf 74' lang='lat' dir='ltr'><strong>venisset</strong></span> <span class='ocrx_word' id='word_1_127' title='bbox 417 2580 480 2663; x_wconf 83' lang='lat' dir='ltr'><strong>(pg.</strong></span> <span class='ocrx_word' id='word_1_128' title='bbox 519 2582 580 2660; x_wconf 81' lang='grc'><strong>16).</strong></span> <span class='ocrx_word' id='word_1_129' title='bbox 616 2580 806 2646; x_wconf 86' lang='lat' dir='ltr'><strong>Aristotcles</strong></span> <span class='ocrx_word' id='word_1_130' title='bbox 836 2581 986 2660; x_wconf 87' lang='lat' dir='ltr'><strong>Graecos,</strong></span> <span class='ocrx_word' id='word_1_131' title='bbox 1017 2582 1116 2665; x_wconf 88' lang='lat' dir='ltr'><strong>Troja</strong></span> <span class='ocrx_word' id='word_1_132' title='bbox 1146 2585 1359 2659; x_wconf 86' lang='lat' dir='ltr'><strong>revertentes,</strong></span> 
     </span>
     <span class='ocr_line' id='line_1_19' title="bbox 238 2706 1359 2789; baseline 0.001 -22"><span class='ocrx_word' id='word_1_133' title='bbox 238 2709 432 2787; x_wconf 84' lang='lat' dir='ltr'><strong>tempestate</strong></span> <span class='ocrx_word' id='word_1_134' title='bbox 455 2711 618 2789; x_wconf 91' lang='lat' dir='ltr'><strong>correptos</strong></span> <span class='ocrx_word' id='word_1_135' title='bbox 641 2708 677 2770; x_wconf 93' lang='lat' dir='ltr'><strong>in</strong></span> <span class='ocrx_word' id='word_1_136' title='bbox 701 2708 836 2770; x_wconf 90' lang='lat' dir='ltr'><strong>Latium</strong></span> <span class='ocrx_word' id='word_1_137' title='bbox 861 2709 989 2771; x_wconf 88' lang='lat' dir='ltr'><strong>venisse</strong></span> <span class='ocrx_word' id='word_1_138' title='bbox 1014 2707 1191 2770; x_wconf 88' lang='lat' dir='ltr'><strong>tradiderat</strong></span> <span class='ocrx_word' id='word_1_139' title='bbox 1214 2706 1277 2788; x_wconf 88' lang='lat' dir='ltr'><strong>(pg.</strong></span> <span class='ocrx_word' id='word_1_140' title='bbox 1291 2706 1359 2787; x_wconf 86' lang='grc'><strong>17),</strong></span> 
     </span>
     <span class='ocr_line' id='line_1_20' title="bbox 237 2827 1356 2912; baseline 0.001 -22"><span class='ocrx_word' id='word_1_141' title='bbox 237 2833 269 2890; x_wconf 90' lang='lat' dir='ltr'><strong>et</strong></span> <span class='ocrx_word' id='word_1_142' title='bbox 300 2827 364 2892; x_wconf 92' lang='lat' dir='ltr'><strong>duo</strong></span> <span class='ocrx_word' id='word_1_143' title='bbox 395 2830 581 2912; x_wconf 83' lang='lat' dir='ltr'><strong>fragmenta</strong></span> <span class='ocrx_word' id='word_1_144' title='bbox 612 2827 737 2894; x_wconf 86' lang='lat' dir='ltr'><strong>Calliae</strong></span> <span class='ocrx_word' id='word_1_145' title='bbox 766 2832 807 2894; x_wconf 92' lang='lat' dir='ltr'><strong>ad</strong></span> <span class='ocrx_word' id='word_1_146' title='bbox 831 2850 890 2893; x_wconf 85' lang='lat' dir='ltr'><strong>noe</strong></span> <span class='ocrx_word' id='word_1_147' title='bbox 911 2833 1143 2912; x_wconf 88' lang='lat' dir='ltr'><strong>pervenerunt,</strong></span> <span class='ocrx_word' id='word_1_148' title='bbox 1168 2829 1203 2891; x_wconf 92' lang='lat' dir='ltr'><strong>in</strong></span> <span class='ocrx_word' id='word_1_149' title='bbox 1229 2829 1356 2910; x_wconf 90' lang='lat' dir='ltr'><strong>quibus</strong></span> 
     </span>
     <span class='ocr_line' id='line_1_21' title="bbox 238 2951 1359 3036; baseline 0.004 -25"><span class='ocrx_word' id='word_1_150' title='bbox 238 2953 331 3016; x_wconf 88' lang='lat' dir='ltr'><strong>vario</strong></span> <span class='ocrx_word' id='word_1_151' title='bbox 365 2953 460 3016; x_wconf 89' lang='lat' dir='ltr'><strong>modo</strong></span> <span class='ocrx_word' id='word_1_152' title='bbox 493 2955 638 3016; x_wconf 90' lang='lat' dir='ltr'><strong>nominis</strong></span> <span class='ocrx_word' id='word_1_153' title='bbox 668 2951 792 3018; x_wconf 84' lang='lat' dir='ltr'><strong>Romae</strong></span> <span class='ocrx_word' id='word_1_154' title='bbox 824 2952 981 3036; x_wconf 84' lang='lat' dir='ltr'><strong>originem</strong></span> <span class='ocrx_word' id='word_1_155' title='bbox 1008 2973 1026 3017; x_wconf 89' lang='lat' dir='ltr'><strong>e</strong></span> <span class='ocrx_word' id='word_1_156' title='bbox 1049 2952 1192 3035; x_wconf 81' lang='lat' dir='ltr'><strong>Trojano</strong></span> <span class='ocrx_word' id='word_1_157' title='bbox 1216 2952 1359 3034; x_wconf 88' lang='lat' dir='ltr'><strong>virgine,</strong></span> 
     </span>
     <span class='ocr_line' id='line_1_22' title="bbox 237 3074 1358 3161; baseline -0.003 -20"><span class='ocrx_word' id='word_1_158' title='bbox 237 3079 355 3141; x_wconf 88' lang='lat' dir='ltr'><strong>Latino</strong></span> <span class='ocrx_word' id='word_1_159' title='bbox 387 3079 519 3142; x_wconf 90' lang='lat' dir='ltr'><strong>cuidam</strong></span> <span class='ocrx_word' id='word_1_160' title='bbox 544 3084 659 3160; x_wconf 89' lang='lat' dir='ltr'><strong>nupta,</strong></span> <span class='ocrx_word' id='word_1_161' title='bbox 684 3079 827 3160; x_wconf 87' lang='lat' dir='ltr'><strong>explicat</strong></span> <span class='ocrx_word' id='word_1_162' title='bbox 850 3078 912 3161; x_wconf 89' lang='lat' dir='ltr'><strong>(pg.</strong></span> <span class='ocrx_word' id='word_1_163' title='bbox 938 3076 1003 3160; x_wconf 86' lang='lat' dir='ltr'><strong>ll).</strong></span> <span class='ocrx_word' id='word_1_164' title='bbox 1027 3079 1070 3141; x_wconf 82' lang='lat' dir='ltr'><strong>Et</strong></span> <span class='ocrx_word' id='word_1_165' title='bbox 1093 3074 1279 3159; x_wconf 84' lang='lat' dir='ltr'><strong>Schwegler</strong></span> <span class='ocrx_word' id='word_1_166' title='bbox 1302 3096 1358 3159; x_wconf 84' lang='lat' dir='ltr'><strong>pg.</strong></span> 
     </span>
     <span class='ocr_line' id='line_1_23' title="bbox 239 3201 1360 3285; baseline 0.002 -21"><span class='ocrx_word' id='word_1_167' title='bbox 239 3202 302 3264; x_wconf 75' lang='lat'><strong>304</strong></span> <span class='ocrx_word' id='word_1_168' title='bbox 326 3207 360 3265; x_wconf 89' lang='lat' dir='ltr'><strong>et</strong></span> <span class='ocrx_word' id='word_1_169' title='bbox 387 3203 512 3267; x_wconf 91' lang='lat' dir='ltr'><strong>Preller</strong></span> <span class='ocrx_word' id='word_1_170' title='bbox 534 3202 578 3282; x_wconf 86' lang='lat' dir='ltr'><strong>II,</strong></span> <span class='ocrx_word' id='word_1_171' title='bbox 604 3204 668 3265; x_wconf 80' lang='lat'><strong>314</strong></span> <span class='ocrx_word' id='word_1_172' title='bbox 692 3203 846 3285; x_wconf 84' lang='lat' dir='ltr'><strong>inprimis</strong></span> <span class='ocrx_word' id='word_1_173' title='bbox 869 3203 975 3266; x_wconf 90' lang='lat' dir='ltr'><strong>multo</strong></span> <span class='ocrx_word' id='word_1_174' title='bbox 1000 3205 1158 3285; x_wconf 88' lang='lat' dir='ltr'><strong>majorem</strong></span> <span class='ocrx_word' id='word_1_175' title='bbox 1184 3203 1253 3264; x_wconf 85' lang='lat' dir='ltr'><strong>virn</strong></span> <span class='ocrx_word' id='word_1_176' title='bbox 1278 3201 1360 3266; x_wconf 91' lang='lat' dir='ltr'><strong>due·</strong></span> 
     </span>
     <span class='ocr_line' id='line_1_24' title="bbox 240 3323 1361 3411; baseline 0.001 -21"><span class='ocrx_word' id='word_1_177' title='bbox 240 3328 300 3391; x_wconf 88' lang='lat' dir='ltr'><strong>bus</strong></span> <span class='ocrx_word' id='word_1_178' title='bbox 325 3329 522 3393; x_wconf 86' lang='lat' dir='ltr'><strong>testimoniis</strong></span> <span class='ocrx_word' id='word_1_179' title='bbox 546 3328 676 3392; x_wconf 89' lang='lat' dir='ltr'><strong>Timaei</strong></span> <span class='ocrx_word' id='word_1_180' title='bbox 695 3329 857 3405; x_wconf 89' lang='lat' dir='ltr'><strong>tribuunt,</strong></span> <span class='ocrx_word' id='word_1_181' title='bbox 876 3347 1017 3411; x_wconf 90' lang='lat' dir='ltr'><strong>quornm</strong></span> <span class='ocrx_word' id='word_1_182' title='bbox 1039 3327 1180 3390; x_wconf 88' lang='lat' dir='ltr'><strong>alterum</strong></span> <span class='ocrx_word' id='word_1_183' title='bbox 1195 3323 1361 3391; x_wconf 89' lang='lat' dir='ltr'><strong>nosdocet</strong></span> 
     </span>
     <span class='ocr_line' id='line_1_25' title="bbox 239 3449 1362 3535; baseline 0.001 -20"><span class='ocrx_word' id='word_1_184' title='bbox 239 3472 315 3516; x_wconf 91' lang='lat' dir='ltr'><strong>eum</strong></span> <span class='ocrx_word' id='word_1_185' title='bbox 345 3451 388 3515; x_wconf 93' lang='lat' dir='ltr'><strong>ab</strong></span> <span class='ocrx_word' id='word_1_186' title='bbox 417 3452 582 3535; x_wconf 86' lang='lat' dir='ltr'><strong>indigenis</strong></span> <span class='ocrx_word' id='word_1_187' title='bbox 612 3453 754 3516; x_wconf 90' lang='lat' dir='ltr'><strong>audiisse</strong></span> <span class='ocrx_word' id='word_1_188' title='bbox 785 3454 924 3516; x_wconf 89' lang='lat' dir='ltr'><strong>Penates</strong></span> <span class='ocrx_word' id='word_1_189' title='bbox 953 3453 991 3515; x_wconf 91' lang='lat' dir='ltr'><strong>in</strong></span> <span class='ocrx_word' id='word_1_190' title='bbox 1022 3449 1155 3514; x_wconf 86' lang='lat' dir='ltr'><strong>Lavinii</strong></span> <span class='ocrx_word' id='word_1_191' title='bbox 1177 3451 1276 3532; x_wconf 87' lang='lat' dir='ltr'><strong>adyto</strong></span> <span class='ocrx_word' id='word_1_192' title='bbox 1299 3449 1362 3516; x_wconf 88' lang='lat' dir='ltr'><strong>ier·</strong></span> 
     </span>
     <span class='ocr_line' id='line_1_26' title="bbox 239 3574 1358 3658; baseline 0.002 -20"><span class='ocrx_word' id='word_1_193' title='bbox 239 3592 310 3640; x_wconf 88' lang='lat' dir='ltr'><strong>reos</strong></span> <span class='ocrx_word' id='word_1_194' title='bbox 333 3579 516 3658; x_wconf 67' lang='lat' dir='ltr'><strong>aeneasque</strong></span> <span class='ocrx_word' id='word_1_195' title='bbox 540 3576 698 3640; x_wconf 88' lang='lat' dir='ltr'><strong>ceduceos</strong></span> <span class='ocrx_word' id='word_1_196' title='bbox 721 3581 754 3640; x_wconf 90' lang='lat' dir='ltr'><strong>et</strong></span> <span class='ocrx_word' id='word_1_197' title='bbox 776 3576 953 3658; x_wconf 83' lang='lat' dir='ltr'><strong>Trojanem</strong></span> <span class='ocrx_word' id='word_1_198' title='bbox 973 3580 1092 3639; x_wconf 89' lang='lat' dir='ltr'><strong>testem</strong></span> <span class='ocrx_word' id='word_1_199' title='bbox 1116 3594 1194 3653; x_wconf 87' lang='lat' dir='ltr'><strong>esse,</strong></span> <span class='ocrx_word' id='word_1_200' title='bbox 1213 3574 1358 3640; x_wconf 90' lang='lat' dir='ltr'><strong>alterum</strong></span> 
     </span>
     <span class='ocr_line' id='line_1_27' title="bbox 239 3699 1361 3784; baseline -0.001 -19"><span class='ocrx_word' id='word_1_201' title='bbox 239 3701 408 3765; x_wconf 85' lang='lat' dir='ltr'><strong>Romanos</strong></span> <span class='ocrx_word' id='word_1_202' title='bbox 440 3702 475 3762; x_wconf 92' lang='lat' dir='ltr'><strong>in</strong></span> <span class='ocrx_word' id='word_1_203' title='bbox 509 3700 701 3765; x_wconf 83' lang='lat' dir='ltr'><strong>memoriam</strong></span> <span class='ocrx_word' id='word_1_204' title='bbox 732 3701 836 3782; x_wconf 89' lang='lat' dir='ltr'><strong>lignei</strong></span> <span class='ocrx_word' id='word_1_205' title='bbox 859 3699 994 3784; x_wconf 82' lang='lat' dir='ltr'><strong>Trojani</strong></span> <span class='ocrx_word' id='word_1_206' title='bbox 1018 3701 1095 3783; x_wconf 91' lang='lat' dir='ltr'><strong>equi</strong></span> <span class='ocrx_word' id='word_1_207' title='bbox 1118 3701 1300 3783; x_wconf 87' lang='lat' dir='ltr'><strong>quotannis</strong></span> <span class='ocrx_word' id='word_1_208' title='bbox 1324 3702 1361 3764; x_wconf 91' lang='lat' dir='ltr'><strong>in</strong></span> 
     </span>
     <span class='ocr_line' id='line_1_28' title="bbox 239 3823 1358 3909; baseline 0 -20"><span class='ocrx_word' id='word_1_209' title='bbox 239 3823 367 3908; x_wconf 80' lang='lat' dir='ltr'><strong>Campo</strong></span> <span class='ocrx_word' id='word_1_210' title='bbox 394 3827 513 3889; x_wconf 90' lang='lat' dir='ltr'><strong>Martio</strong></span> <span class='ocrx_word' id='word_1_211' title='bbox 537 3846 658 3908; x_wconf 89' lang='lat' dir='ltr'><strong>equum</strong></span> <span class='ocrx_word' id='word_1_212' title='bbox 679 3826 790 3909; x_wconf 88' lang='lat' dir='ltr'><strong>jaculo</strong></span> <span class='ocrx_word' id='word_1_213' title='bbox 815 3827 987 3890; x_wconf 87' lang='lat' dir='ltr'><strong>conludere</strong></span> <span class='ocrx_word' id='word_1_214' title='bbox 1009 3826 1113 3890; x_wconf 89' lang='lat' dir='ltr'><strong>solere</strong></span> <span class='ocrx_word' id='word_1_215' title='bbox 1136 3827 1200 3908; x_wconf 88' lang='lat' dir='ltr'><strong>(pg.</strong></span> <span class='ocrx_word' id='word_1_216' title='bbox 1223 3825 1288 3906; x_wconf 84' lang='lat' dir='ltr'><strong>li).</strong></span> <span class='ocrx_word' id='word_1_217' title='bbox 1302 3826 1358 3889; x_wconf 88' lang='lat' dir='ltr'><strong>Sic</strong></span> 
     </span>
     <span class='ocr_line' id='line_1_29' title="bbox 239 3950 1363 4034; baseline 0.003 -22"><span class='ocrx_word' id='word_1_218' title='bbox 239 3950 296 4013; x_wconf 92' lang='lat' dir='ltr'><strong>ille</strong></span> <span class='ocrx_word' id='word_1_219' title='bbox 329 3950 472 4032; x_wconf 87' lang='lat' dir='ltr'><strong>profecto</strong></span> <span class='ocrx_word' id='word_1_220' title='bbox 507 3953 732 4015; x_wconf 88' lang='lat' dir='ltr'><strong>caeremonias</strong></span> <span class='ocrx_word' id='word_1_221' title='bbox 763 3952 1050 4028; x_wconf 88' lang='lat' dir='ltr'><strong>commemoravit,</strong></span> <span class='ocrx_word' id='word_1_222' title='bbox 1080 3970 1166 4034; x_wconf 92' lang='lat' dir='ltr'><strong>quae</strong></span> <span class='ocrx_word' id='word_1_223' title='bbox 1198 3955 1363 4015; x_wconf 90' lang='lat' dir='ltr'><strong>testentur</strong></span> 
     </span>
     <span class='ocr_line' id='line_1_30' title="bbox 241 4072 1362 4159; baseline 0.004 -23"><span class='ocrx_word' id='word_1_224' title='bbox 241 4072 408 4138; x_wconf 86' lang='lat' dir='ltr'><strong>Romanos</strong></span> <span class='ocrx_word' id='word_1_225' title='bbox 438 4094 489 4138; x_wconf 91' lang='lat' dir='ltr'><strong>res</strong></span> <span class='ocrx_word' id='word_1_226' title='bbox 509 4075 667 4158; x_wconf 87' lang='lat' dir='ltr'><strong>Trojanas</strong></span> <span class='ocrx_word' id='word_1_227' title='bbox 690 4077 805 4153; x_wconf 90' lang='lat' dir='ltr'><strong>colere,</strong></span> <span class='ocrx_word' id='word_1_228' title='bbox 829 4077 865 4139; x_wconf 90' lang='lat' dir='ltr'><strong>in</strong></span> <span class='ocrx_word' id='word_1_229' title='bbox 891 4076 1135 4140; x_wconf 89' lang='lat' dir='ltr'><strong>medicantem</strong></span> <span class='ocrx_word' id='word_1_230' title='bbox 1160 4077 1362 4159; x_wconf 90' lang='lat' dir='ltr'><strong>relinquitur</strong></span> 
     </span>
     <span class='ocr_line' id='line_1_31' title="bbox 242 4198 1359 4281; baseline 0.004 -20"><span class='ocrx_word' id='word_1_231' title='bbox 242 4205 355 4261; x_wconf 91' lang='lat' dir='ltr'><strong>utrum</strong></span> <span class='ocrx_word' id='word_1_232' title='bbox 390 4199 448 4262; x_wconf 93' lang='lat' dir='ltr'><strong>hoc</strong></span> <span class='ocrx_word' id='word_1_233' title='bbox 479 4198 557 4262; x_wconf 88' lang='lat' dir='ltr'><strong>laeti</strong></span> <span class='ocrx_word' id='word_1_234' title='bbox 580 4219 622 4261; x_wconf 92' lang='lat' dir='ltr'><strong>an</strong></span> <span class='ocrx_word' id='word_1_235' title='bbox 649 4201 756 4262; x_wconf 90' lang='lat' dir='ltr'><strong>tristes</strong></span> <span class='ocrx_word' id='word_1_236' title='bbox 779 4199 929 4277; x_wconf 88' lang='lat' dir='ltr'><strong>fecerint,</strong></span> <span class='ocrx_word' id='word_1_237' title='bbox 954 4200 1008 4263; x_wconf 92' lang='lat' dir='ltr'><strong>sed</strong></span> <span class='ocrx_word' id='word_1_238' title='bbox 1033 4201 1121 4281; x_wconf 90' lang='lat' dir='ltr'><strong>quod</strong></span> <span class='ocrx_word' id='word_1_239' title='bbox 1143 4201 1184 4265; x_wconf 88' lang='lat' dir='ltr'><strong>ad</strong></span> <span class='ocrx_word' id='word_1_240' title='bbox 1207 4202 1359 4265; x_wconf 83' lang='lat' dir='ltr'><strong>fabulam</strong></span> 
     </span>
     <span class='ocr_line' id='line_1_32' title="bbox 243 4322 1084 4388; baseline 0.001 -3"><span class='ocrx_word' id='word_1_241' title='bbox 243 4322 283 4385; x_wconf 88' lang='lat' dir='ltr'><strong>de</strong></span> <span class='ocrx_word' id='word_1_242' title='bbox 310 4323 420 4386; x_wconf 84' lang='lat' dir='ltr'><strong>Aenea</strong></span> <span class='ocrx_word' id='word_1_243' title='bbox 445 4323 564 4386; x_wconf 89' lang='lat' dir='ltr'><strong>attinet</strong></span> <span class='ocrx_word' id='word_1_244' title='bbox 587 4328 674 4387; x_wconf 88' lang='lat' dir='ltr'><strong>certe</strong></span> <span class='ocrx_word' id='word_1_245' title='bbox 697 4324 781 4386; x_wconf 93' lang='lat' dir='ltr'><strong>nihil</strong></span> <span class='ocrx_word' id='word_1_246' title='bbox 805 4324 882 4388; x_wconf 92' lang='lat' dir='ltr'><strong>inde</strong></span> <span class='ocrx_word' id='word_1_247' title='bbox 906 4323 1084 4386; x_wconf 90' lang='lat' dir='ltr'><strong>lucramur.</strong></span> 
     </span>
    </p>
   </div>
   <div class='ocr_carea' id='block_1_5' title="bbox 0 0 1493 5040">
    <p class='ocr_par' dir='ltr' id='par_1_6' title="bbox 0 0 1493 5040">
     <span class='ocr_line' id='line_1_33' title="bbox 0 0 1493 5040; baseline 0 0"><span class='ocrx_word' id='word_1_248' title='bbox 0 0 1493 5040; x_wconf 95' lang='lat' dir='ltr'><strong> </strong></span> 
     </span>
    </p>
   </div>
  </div>
 </body>
</html>
