2956 5040
720 1479 750 1553 Ι.

515 1695 685 1768 'Fabula
717 1697 765 1767 de
796 1699 949 1767 Aenea.

584 2201 603 2282 a
629 2202 657 2262 1.
680 2199 731 2266 De
751 2200 899 2282 [matous.

218 2413 469 2494 Inquirentihus
499 2414 532 2477 in
560 2413 707 2476 fabulam
733 2413 772 2476 de
796 2413 910 2477 Aenea
932 2411 1065 2475 animus
1089 2413 1131 2476 ad
1154 2412 1299 2476 Iliadem

176 2538 323 2620 prImum
356 2538 579 2600 advertendus
612 2543 669 2614 est,
693 2538 774 2619 quia
797 2537 845 2599 ibi
870 2539 980 2619 prima
1004 2538 1143 2620 vestigia
1166 2537 1300 2602 fabulae

174 2661 373 2741 invenimus,
399 2681 500 2744 quam
530 2659 697 2743 Vergilius
721 2662 926 2743 amplissime
950 2660 1045 2725 nobis
1071 2662 1205 2725 evolvit.
1230 2662 1300 2749 Nos

176 2789 237 2850 hae
266 2786 299 2849 in
332 2788 490 2870 opinione
513 2806 580 2851 non
605 2806 714 2850 errare
739 2788 842 2850 verba
867 2792 981 2869 poetae
1005 2787 1232 2850 demonstrant
1256 2788 1298 2849 ad

175 2912 258 2975 Aen.
293 2911 353 2989 III,
389 2912 440 2977 97.
464 2912 569 2989 „flio
603 2913 719 2976 domus
750 2911 881 2974 Aeneae
914 2912 1043 2974 eunetis
1066 2912 1298 2975 dominatibus

174 3036 250 3099 oris.
274 3035 316 3098 Et
339 3037 411 3098 nati
434 3040 589 3100 natorum
615 3041 649 3100 el
668 3037 727 3117 qui
739 3041 916 3099 nascentur
929 3036 972 3098 ab
983 3036 1082 3113 illis'’,
1097 3054 1183 3118 quae
1194 3055 1299 3118 parva

174 3160 410 3223 immutatione
444 3165 581 3243 excepta
610 3160 652 3222 ad
685 3161 831 3223 litteram
860 3160 1019 3224 reddunt:
1050 3160 1090 3222 Il.
1116 3157 1189 3237 XX,
1215 3161 1298 3224 307:

174 3332 194 3361 „
204 3288 254 3347 νῦν
281 3282 312 3348 δὲ
335 3282 371 3356 δὴ
396 3283 510 3350 Αἰνείαο
533 3282 585 3360 βίη
610 3282 755 3362 Τρώεσσιν
777 3279 879 3357 ἀνοίξει
902 3289 960 3347 Kal
982 3282 1099 3347 παίδων
1119 3284 1233 3354 παῖδες
1255 3283 1302 3349 τοί

172 3432 221 3474 κεν
245 3407 402 3486 μετόπισθε
423 3407 585 3486 γένωνται”
608 3414 685 3473 cett.
741 3424 743 3427 ’

218 3533 259 3597 In
291 3532 397 3599 Iliade
424 3553 554 3617 quoque
577 3535 707 3598 Aeneas
731 3534 928 3617 Aphrodites
952 3539 984 3597 el
1009 3533 1173 3599 Anchisae
1196 3536 1299 3613 filius,

175 3659 323 3722 Dardani
346 3657 475 3722 suboles
498 3658 620 3721 dieitur
644 3655 684 3721 Il.
708 3655 754 3734 II,
779 3659 861 3736 8203
886 3656 957 3735 XX,
982 3660 1299 3725 assummum

176 3782 357 3848 Diomeden
395 3784 575 3865 Aphrodite
610 3780 650 3844 Il.
686 3779 725 3860 V,
761 3783 824 3845 312
859 3788 891 3845 et
923 3783 1043 3865 Apollo
1075 3780 1116 3847 Il.
1149 3780 1188 3861 V,
1222 3787 1298 3861 445,

174 3914 290 3974 eontra
323 3907 488 3971 Achillem
514 3907 691 3991 Neptunus
713 3904 752 3968 Il.
777 3907 854 3983 XX,
880 3909 943 3969 340
968 3904 1111 3984 tuentur,
1135 3928 1210 3972 eum
1231 3910 1299 3973 odit

172 4034 262 4097 Hera
284 4031 325 4098 ΙΙ.
348 4030 420 4108 XX,
444 4034 519 4100 309.

219 4159 283 4222 Sed
306 4158 498 4221 discrimina
520 4177 587 4222 uon
612 4157 739 4220 desunt.
764 4155 803 4218 In
829 4157 933 4221 Iliade
956 4155 1001 4236 II,
1025 4159 1086 4219 820
1109 4157 1247 4236 Aeneas,
1261 4160 1297 4220 iu

176 4288 291 4346 monle
324 4281 384 4346 Ida
420 4288 528 4360 natus,
563 4283 631 4345 dux
663 4282 917 4362 Dardaniorum,
949 4283 1054 4347 sosius
1086 4283 1213 4348 Priami
1239 4292 1297 4362 est,
