2956 5040
697 319 826 392 'rs

249 540 291 602 ad
316 539 395 602 Aen.
425 536 515 613 VIII,
543 539 601 599 51:
623 536 788 612 „Arcades
807 541 893 613 cett,
913 535 1065 598 Evander
1077 533 1177 597 Arcas
1190 533 1253 595 fuit
1265 550 1366 614 nepos

246 664 420 740 Pallantis,
445 665 531 745 regis
554 662 725 725 Arcadiae.
750 660 811 723 Hic
831 680 906 724 cum
930 664 1055 743 patrem
1075 677 1171 721 suum
1197 655 1368 720 occidisset

242 787 401 851 suadente
437 792 544 849 matre
578 785 776 859 Nicostrata,
808 803 894 866 quae
924 784 1025 846 etiam
1058 779 1245 845 Carmentis
1278 779 1368 842 dicta

243 916 302 987 est,
333 912 413 993 quia
443 911 650 974 carminibus
681 910 937 984 vatIciuabatur,
970 907 1008 990 []
1037 907 1171 970 dimissa
1192 903 1370 986 provincia

244 1055 303 1098 sua
339 1034 468 1117 [exsilio
506 1053 572 1096 non
607 1037 725 1113 sponte
757 1028 957 1114 compulsus]
989 1030 1080 1093 venit
1101 1028 1143 1090 ad
1167 1026 1304 1090 Italiam
1331 1030 1366 1090 et

244 1157 347 1241 pulsis
368 1153 602 1239 Aboriginibus
628 1156 737 1218 tenuIt
761 1155 834 1218 loca
857 1155 893 1216 in
918 1155 1037 1237 quibus
1064 1172 1152 1216 nunc
1175 1152 1285 1216 Roma
1308 1155 1369 1227 ast,

246 1287 280 1344 et
314 1278 480 1342 modicum
513 1278 669 1361 oppidum
703 1279 857 1341 fundavit
879 1279 914 1339 in
941 1281 1054 1340 monte
1077 1275 1241 1349 Palatino,
1267 1274 1371 1356 [sieut

246 1405 295 1466 ait
325 1403 448 1465 Varro:
477 1401 626 1479 „Nonne
649 1400 810 1465 Arcades'’
834 1400 931 1483 etc.]''
955 1406 986 1464 ct
1011 1398 1099 1476 VIII,
1128 1399 1203 1461 130:
1228 1394 1370 1476 „Quae-

248 1525 332 1589 ritur
351 1523 442 1604 'sane
468 1525 554 1588 unde
577 1525 732 1588 Evander
758 1525 880 1588 Atridis
899 1543 1018 1607 genere
1038 1523 1137 1586 fuerit
1149 1518 1372 1604 conjunctus?

248 1654 280 1712 et
310 1649 465 1730 quamvis
495 1645 657 1711 Hesiodus
688 1648 785 1723 dicat,
810 1649 956 1730 qualiter
981 1650 1175 1730 conjunctus
1194 1646 1236 1708 sit
1258 1640 1374 1706 Eran-

249 1773 316 1847 der,
354 1776 466 1834 tamen
502 1771 638 1852 quidam
671 1773 766 1853 ajunt
797 1772 960 1852 Thyestae
991 1771 1076 1833 filias
1098 1769 1220 1833 Ledam
1244 1773 1277 1830 et
1301 1763 1372 1848 Hy-

249 1899 488 1978 permnestram
524 1895 632 1972 fuisse,
668 1895 775 1957 Ledae
807 1900 838 1958 et
869 1894 1036 1975 Tyndarei
1067 1893 1150 1956 filios
1180 1890 1375 1972 Clytemne-

251 2023 363 2094 stram,
388 2016 550 2079 Helenam
575 2021 608 2080 et
627 2016 856 2098 Tymandram
876 2015 985 2094 fuisse,
999 2035 1100 2098 quam
1121 2015 1217 2078 duxit
1229 2033 1371 2078 uxorem

250 2138 415 2203 (iuhemus
439 2140 626 2221 (Echemus)
650 2139 761 2216 Arcas,
775 2143 867 2222 cujus
884 2141 974 2203 filius
995 2139 1158 2203 Evander.
1178 2138 1373 2219 Clyterune·

250 2267 350 2324 stram
387 2268 420 2324 et
454 2262 616 2325 Helenam
653 2267 772 2326 notum
809 2268 857 2325 est
886 2262 1132 2346 Agamemnoni
1162 2265 1195 2325 et
1216 2260 1374 2326 Menelao

247 2390 380 2470 junctas
410 2387 518 2450 luisse.
550 2385 618 2449 Alii
647 2388 696 2449 ita
728 2387 862 2450 tradunt
888 2387 1038 2469 Steropes
1061 2391 1094 2450 et
1118 2384 1264 2447 Atlantis
1286 2384 1376 2448 filios

181 2565 187 2575 .
251 2510 458 2576 Oenomaum
483 2515 516 2574 et
538 2511 659 2594 Majam
680 2512 788 2588 luisse,
802 2508 962 2574 Oenomai
982 2482 1236 2592 Hippodamiam
1250 2507 1374 2585 filiam,

252 2635 338 2698 unde
369 2633 488 2697 Atreus
520 2640 628 2710 natus,
652 2639 686 2697 at
710 2633 816 2717 Majae
838 2633 926 2696 filius
949 2634 1133 2697 Mercurius
1158 2652 1199 2696 ex
1220 2651 1288 2714 quo
1314 2631 1374 2695 Ar·

251 2759 355 2838 cades,
391 2760 430 2822 de
464 2760 584 2841 quibus
614 2758 769 2822 Evander
800 2757 889 2840 quod
913 2756 1031 2821 Accius
1054 2758 1089 2819 in
1116 2754 1213 2820 Atreo
1237 2756 1376 2837 plenius

253 2882 359 2945 refert.
389 2880 458 2943 Alii
481 2882 530 2943 ita
553 2884 708 2943 narrant:
732 2879 825 2942 Atlas
849 2880 1036 2962 complures
1060 2879 1178 2943 habuit
1198 2877 1291 2954 filios,
1317 2879 1374 2942 sed

252 3006 292 3068 de
314 3005 396 3067 Lino
421 3004 565 3086 Pelopeu
589 3005 714 3086 genuit,
738 3005 766 3065 is
788 3002 938 3081 Atreum,
953 3002 1071 3066 Atreus
1084 3002 1373 3084 Agamemnonem

252 3133 285 3190 et
308 3127 506 3204 Menelaum,
531 3126 712 3190 Mercurius
735 3126 852 3189 deinde
876 3132 924 3190 est
943 3126 1151 3190 Nicostratae
1169 3128 1374 3207 pater,quae

253 3251 316 3312 fuit
338 3254 444 3313 mater
467 3249 627 3326 Evandri,
651 3250 853 3313 Mercurium
878 3249 965 3332 Maja
988 3250 1058 3311 filia
1081 3246 1224 3310 Atlantis
1242 3249 1372 3330 genuit.

252 3375 306 3436 Sic
339 3374 494 3436 Evander
524 3371 649 3435 Atridis
687 3375 881 3455 conjunctus
913 3378 971 3450 est,
1003 3370 1151 3456 (trojanis
1182 3377 1294 3435 autem
1326 3373 1372 3436 sic
1475 3391 1477 3394 ’

247 3496 411 3579 jungitur,
436 3515 477 3559 ex
500 3497 631 3560 Electra
655 3496 800 3561 Atlantis
823 3497 894 3559 filia
917 3502 948 3560 et
970 3497 1054 3560 Jove
1074 3497 1247 3559 Dardanus
1267 3497 1371 3560 nasci·

253 3627 316 3696 tur,
340 3622 409 3701 ejus
432 3620 519 3682 filius
537 3620 783 3696 Erichthonius,
805 3638 903 3684 exeo
926 3617 1113 3697 Assaracus,
1128 3617 1238 3683 exillo
1251 3617 1371 3702 Capys,

251 3763 293 3806 ex
314 3744 374 3807 illo
399 3741 567 3819 Anchises,
595 3763 636 3806 ex
662 3744 719 3808 illo
745 3743 904 3808 Aeneas.”

296 3867 413 3931 Accius
444 3867 640 3931 tradiderat:
676 3868 859 3946 „Arcades
886 3869 1079 3931 Evandrum
1104 3867 1207 3949 igitur
1231 3886 1371 3950 quoque,

252 3989 407 4056 Mercurii
436 3992 522 4074 filios
552 3970 699 4071 fuisse'’,¹
716 3998 747 4056 et
779 3989 902 4056 Varro:
935 4012 1042 4068 „cum
1075 3991 1222 4054 exsulem
1248 4010 1289 4054 ex
1313 3989 1371 4052 Ar·

251 4117 345 4178 cadia
379 4116 419 4178 ad
450 4115 619 4178 Palatium
653 4113 811 4193 venisse”,
843 4136 924 4199 quos
958 4113 1124 4198 Vergilius
1154 4121 1287 4178 secutus
1311 4119 1369 4178 est.

251 4236 337 4300 Nam
374 4237 520 4302 Aeneam
557 4239 711 4301 Evandro
744 4239 945 4303 iudicantem
984 4259 1098 4302 eorum
1136 4240 1367 4321 cognationem
