2956 5040
639 406 679 468 65

144 611 280 674 Latinus
302 609 497 693 Aeneaeque
522 611 649 676 bellum
675 615 825 695 gerentes
850 613 938 676 inter
961 631 1004 689 se,
1018 612 1076 675 ille
1093 612 1223 694 Jupiter

99 733 251 811 Latiaris,
284 734 341 826 *hio
375 733 504 815 Jupiter
536 731 679 817 indiges,
705 732 744 799 ci.
772 735 875 797 Varro
900 735 988 816 apud
1011 732 1096 818 Aug.
1121 734 1158 798 O.
1184 733 1223 797 D.

101 852 228 935 XVIII,
265 857 323 919 19:
354 854 447 933 „Sed
480 856 629 920 Aeneam
661 859 908 940 quoniam...
940 878 1005 922 non
1030 859 1225 941 comparuit,

102 981 200 1044 deum
224 980 287 1043 sibi
310 981 459 1044 iecerunt
481 980 625 1060 Latini’',
655 983 746 1046 Serv.
771 980 903 1061 Aeni,
926 984 1007 1045 259:
1029 985 1226 1066 „eujuscor·

103 1122 164 1186 pus
177 1151 184 1167 .
199 1149 206 1165 .
221 1148 229 1165 .
244 1151 251 1168 .
276 1122 352 1166 cum
374 1101 533 1167 Ascanius
555 1105 752 1186 requisitum
768 1124 834 1169 non
848 1106 1030 1169 invenisset
1042 1105 1075 1168 in
1089 1108 1224 1170 deorum

103 1246 280 1290 numerum
315 1227 453 1290 credidit
485 1229 641 1293 relatum.
674 1225 792 1311 Itaque
825 1229 855 1292 ei
885 1230 1049 1312 templum
1080 1229 1228 1294 condidit

105 1357 138 1415 et
167 1349 285 1416 Jovem
309 1349 494 1435 Indigetem
520 1351 731 1435 appellavit''‚
755 1372 896 1435 quorum
921 1372 1013 1416 sacra
1035 1354 1070 1415 in
1095 1353 1227 1416 Lauinii

105 1495 179 1540 arce
202 1481 235 1540 et
258 1476 299 1538 ad
321 1474 518 1539 Numicium
543 1475 684 1539 fluvium
705 1476 846 1540 alterum
867 1477 966 1541 alteri
988 1474 1098 1540 vicina
1119 1481 1224 1556 erant,

107 1601 148 1665 cf.
184 1602 321 1682 Dionys.
355 1598 382 1677 I,
415 1601 466 1676 51,
499 1599 629 1663 Aeneas
659 1620 727 1664 non
760 1600 819 1662 tali
853 1600 949 1664 modo
981 1620 1057 1683 erga
1080 1621 1227 1665 socerum

107 1743 141 1786 sc
165 1742 277 1807 gerere
300 1724 419 1806 potuit,
442 1743 503 1787 neo
528 1723 581 1787 hio
604 1742 682 1806 erga
706 1743 794 1787 eum.
816 1723 976 1786 Attamen
998 1723 1079 1787 tales
1098 1722 1229 1788 fabulae

107 1848 231 1930 vigent,
254 1851 376 1910 natura
399 1866 510 1911 rerum
536 1846 624 1911 bella
650 1846 911 1929 inimicitiasque
934 1852 1083 1928 poscunt,
1103 1852 1135 1910 et
1155 1866 1229 1911 ecce

108 1972 247 2035 Latinus
282 1972 325 2036 ab
360 1971 456 2036 initio
488 1972 635 2036 Aeneam
669 1972 827 2036 benevole
858 1970 987 2055 accipit,
1011 1991 1116 2055 quum
1140 1972 1228 2035 cives

108 2097 266 2178 Trojanos
290 2097 331 2160 ob
356 2116 489 2160 cervum
517 2095 728 2160 vulneratum
749 2096 994 2179 aggrediuntur,
1008 2115 1041 2159 se
1058 2097 1231 2160 abscondit

109 2223 149 2283 et‘
163 2239 230 2283 non
255 2218 348 2303 prius
373 2224 518 2302 apparet,
542 2238 642 2301 quam
666 2224 702 2283 ut
721 2220 851 2283 civibus
871 2218 1049 2301 profligatis
1068 2218 1227 2281 Senatum

50 2338 52 2342 ’
109 2364 207 2407 suum
239 2345 279 2407 de
311 2362 389 2427 agro
420 2343 571 2426 Trojanis
594 2344 701 2407 dando
725 2343 885 2421 consulat,
910 2348 1094 2425 posteaque,
1118 2341 1230 2406 foedus

109 2487 214 2550 quum
248 2468 377 2545 ineunt,
409 2468 537 2531 Aeneas
565 2468 622 2546 ait,
648 2467 729 2531 Aen.
753 2468 828 2546 XII,
855 2469 918 2530 198
930 2488 1018 2550 sqq.:
1043 2466 1145 2545 „Non
1170 2487 1230 2550 ego

73 2590 76 2595 ’
109 2610 171 2654 nec
204 2590 338 2654 Teneris
372 2591 473 2654 Italos
505 2610 620 2674 parere
649 2592 783 2672 jubebo,
815 2591 883 2656 Nee
907 2593 990 2654 mihi
1015 2611 1115 2672 regna
1137 2596 1230 2674 pet03

109 2717 247 2799 paribus
277 2735 311 2779 se
341 2716 469 2799 legibus
491 2716 610 2779 ambae
640 2713 790 2779 Invictas
812 2722 927 2798 gentes
949 2721 1087 2780 aeterna
1108 2717 1144 2779 in
1169 2717 1232 2780 foe·

112 2840 191 2904 dora
227 2841 374 2904 mittant.
410 2842 509 2904 Sacra
544 2841 685 2923 deosque
716 2842 817 2918 dabo;
850 2861 940 2905 socer
970 2861 1065 2905 arma
1096 2841 1231 2904 Latinus

112 2965 241 3041 habeto,
265 2963 446 3049 Imperium
470 2965 616 3029 solemne
640 2985 748 3044 socer3
773 2967 857 3028 mihi
878 2967 1010 3030 moenia
1022 2966 1143 3030 Teucri
1155 2985 1231 3029 con·

112 3089 261 3168 stimant,
286 3090 426 3172 urbique
449 3089 542 3153 dabit
566 3089 704 3151 Lavinia
731 3086 884 3153 nomen.''

158 3212 295 3295 Propter
324 3212 499 3275 Lauiniam
525 3211 690 3288 Turnum,
714 3211 914 3276 Rutulorum
946 3232 1065 3295 regem,
1090 3213 1143 3276 cui
1168 3214 1232 3278 Me·

114 3337 252 3413 centius,
274 3340 460 3400 contemtor
483 3336 540 3399 ille
563 3337 709 3414 deorum,
733 3335 925 3411 auxiliatur,
945 3340 1078 3418 propter
1097 3336 1234 3418 praedas

115 3465 204 3524 actas
230 3461 410 3525 Laurentes
433 3460 552 3544 Latino
576 3460 686 3522 invito
712 3459 819 3542 egredi
846 3459 997 3522 videmus
1019 3465 1134 3522 eontra
1157 3457 1235 3520 Tro·

113 3583 219 3668 janos.
243 3584 372 3648 Horum
398 3590 430 3648 et
453 3585 577 3649 civium
602 3603 739 3648 suorum
760 3584 900 3646 Latinus
923 3588 970 3646 est
994 3582 1235 3646 reconciliator.

117 3708 198 3790 Quis
228 3716 340 3774 tamen
373 3729 439 3773 non
464 3714 596 3792 potitam
626 3708 748 3787 laudet,
772 3709 830 3791 qui
853 3708 896 3770 ad
918 3705 1078 3789 majorem
1103 3705 1236 3770 Aeneae

117 3834 258 3917 gloriam
280 3853 357 3899 eum
382 3834 533 3916 depinxit
557 3852 617 3896 sua
643 3851 746 3895 manu
769 3832 976 3894 insidiatores
996 3836 1029 3893 et
1047 3830 1098 3892 sui
1111 3830 1234 3893 amoris

118 3963 151 4023 et
188 3958 248 4020 fati
283 3954 473 4020 delentem?
506 3953 595 4035 Quid
630 3953 678 4017 his
713 3954 944 4038 superstitibus
978 3951 1127 4017 iecisset?
1160 3951 1234 4014 Non

118 4101 212 4146 sacra
233 4100 293 4145 sua
317 4085 398 4159 tuta,
423 4100 489 4144 non
513 4080 625 4143 Latini
648 4079 827 4161 imperium
847 4078 1017 4140 firmatum
1038 4081 1120 4140 esset
1131 4077 1236 4159 prius·

118 4225 219 4288 quam
244 4206 377 4269 Latium
401 4206 444 4269 ab
469 4205 617 4268 hostibus
640 4203 852 4285 inimicisque
874 4200 1039 4266 liberaret.
1060 4200 1138 4277 Hoc,
1160 4219 1227 4262 non

118 4331 185 4395 alio
211 4330 306 4395 modo
326 4329 453 4394 Aeneas
474 4329 592 4391 Latino
615 4347 673 4410 pro
695 4327 935 4405 benevolentia,
949 4345 1013 4408 qua
1032 4326 1142 4388 statim
1159 4329 1230 4407 post

1124 4443 1143 4494 5
