2956 5040
678 382 718 446 73

135 583 301 672 audimus,
335 589 426 670 VIII,
459 590 539 652 138:
570 590 697 668 „Vobis
722 590 905 653 Mercurius
928 594 1023 671 pater
1048 585 1126 665 est'’,
1149 607 1255 670 quum

131 717 203 798 jam
227 721 327 780 antea
351 715 537 793 Tiberinus,
562 712 712 777 Aeneam
736 714 912 777 exhortans
937 718 976 776 ut
996 713 1146 776 Evandri
1166 714 1256 794 petat

135 840 314 917 auxilium,
348 840 478 903 dixerat
509 839 568 900 52:
597 838 683 920 „qni
710 856 820 919 regem
844 836 1036 899 Evandrum
1062 836 1255 899 secuti....

136 980 271 1044 posuere
306 961 342 1023 in
379 961 549 1025 montibus
580 961 695 1024 urbem
732 957 896 1022 Pallantis
919 959 1035 1041 proavi
1058 959 1098 1021 de
1121 959 1258 1022 nomine

136 1084 379 1161 Pallanteum”,
404 1085 443 1148 ci.
469 1083 565 1149 Ovid.
589 1084 680 1147 Fasti
704 1082 731 1160 I,
752 1084 827 1146 471.
848 1083 1058 1147 Recentiores
1078 1087 1189 1146 tamen
1204 1083 1258 1146 vel

136 1209 332 1272 Evandrum
369 1209 476 1272 lilium
510 1206 666 1272 Mercurii
703 1208 822 1271 dicunt
856 1207 909 1270 vel
941 1206 981 1270 de
1012 1210 1105 1288 patre
1136 1210 1257 1281 tacent,

136 1335 268 1412 praeter
299 1332 466 1410 Servium,
490 1330 549 1413 qui
571 1331 672 1395 tradit
699 1330 781 1394 alios
804 1350 881 1394 eum
908 1330 1014 1392 filium
1040 1326 1256 1406 Nicostratae,

137 1459 290 1538 nepotem
322 1460 382 1518 aut
412 1455 568 1519 Mercurii
600 1459 659 1518 aut
683 1455 855 1530 Pallantis,
879 1454 964 1518 alios
985 1454 1134 1530 Echemi,
1159 1453 1258 1518 Arca·

137 1578 213 1642 diae
242 1579 327 1661 regis
351 1583 384 1641 et
407 1578 619 1659 Tymandrae
643 1597 785 1641 vocasse.
810 1578 949 1641 Matrem
973 1580 1043 1660 ejus
1065 1597 1178 1642 omnes
1201 1576 1257 1640 Ni·

137 1707 314 1766 costratum
346 1702 444 1765 luisse
477 1702 613 1765 tradunt
636 1708 764 1785 praeter
788 1699 997 1783 Dionysium,
1022 1704 1080 1784 qui
1102 1702 1257 1780 Themin,

137 1827 352 1891 Plutarchum
384 1829 442 1908 qui
474 1827 623 1890 Evandri
647 1847 795 1904 uxorem,
819 1832 851 1890 et
876 1847 982 1889 unum
1008 1827 1116 1890 Servii
1141 1832 1256 1890 testem

137 1951 198 2032 qui
232 1969 305 2013 eam
340 1950 567 2031 Tymandram
600 1953 705 2034 ajunt,
738 1952 892 2015 omnibus
924 1951 1205 2014 consentientibus
1227 1951 1258 2013 ei

138 2092 263 2137 nomen
287 2072 487 2137 Carmentae
508 2075 703 2156 impositum
729 2093 838 2137 essee
862 2074 1068 2137 vaticinandi
1091 2074 1257 2150 facultate,

52 2269 54 2272 y
138 2198 228 2279 quod
250 2197 311 2260 alii
335 2218 356 2260 a
379 2199 479 2262 verbo
503 2195 703 2274 „carmina”
727 2198 902 2275 deducunt,
925 2198 1126 2261 Plutarchus
1145 2203 1256 2261 autem

138 2341 159 2384 a
182 2320 344 2399 „carere”
367 2326 402 2385 et
423 2319 577 2399 „mens’'.

183 2446 217 2508 Si
240 2446 283 2509 ad
307 2446 365 2508 has
387 2447 496 2508 varias
515 2447 731 2528 confusasque
750 2447 789 2510 de
809 2446 966 2510 Evandro
980 2448 1185 2510 narrationes
1197 2447 1258 2511 hoc

139 2571 292 2634 addimus
322 2570 473 2634 Servium
498 2571 604 2634 solum
629 2575 836 2634 narratorem
861 2570 1051 2635 fabularum
1077 2590 1153 2649 esse,
1177 2589 1259 2652 quas

139 2694 332 2758 invenimus
356 2695 427 2759 Lib.
453 2692 550 2772 VIII,
576 2696 614 2757 cl
642 2694 693 2776 (de
717 2697 787 2778 ejus
807 2695 1009 2778 parricidio),
1031 2697 1093 2756 345
1115 2695 1166 2778 (de
1178 2695 1258 2778 Argi

140 2819 229 2902 nece)
266 2824 298 2882 et
334 2819 396 2881 562
433 2819 483 2898 (de
518 2819 632 2883 Herilo
669 2820 777 2901 vieto),
809 2821 883 2901 jure
920 2819 1066 2903 quodam
1097 2821 1259 2903 conjicere

139 2943 217 3007 licet
253 2943 441 3026 Vergilium
477 2944 674 3007 Evandrum
713 2950 875 3024 nostrum,
907 2943 1064 3008 Mercurii
1098 2945 1257 3021 subolem,

142 3066 352 3149 (Carmentae
394 3067 525 3149 filium),
568 3068 713 3131 exsulem
759 3088 799 3132 ex
835 3067 976 3133 Arcadia
1010 3069 1052 3131 ad
1088 3068 1257 3131 Palatium

141 3191 330 3255 venientem
360 3191 504 3274 elegisse,
533 3193 614 3273 quia
642 3193 714 3274 ipsa
737 3191 926 3256 fabularum
952 3195 1128 3274 paupertas
1152 3192 1183 3255 ei
1206 3211 1260 3275 po·

139 3320 291 3379 testatem
323 3316 414 3379 dedit
444 3317 582 3380 ornandi
615 3318 703 3380 hunc
736 3318 845 3379 virum
872 3318 1065 3381 muneribus
1088 3317 1258 3399 factisque,

141 3460 281 3522 quorum
312 3441 449 3523 originis
483 3442 645 3504 memoria
677 3442 871 3524 procedente
895 3445 1043 3523 tempore
1067 3447 1256 3504 evanuerat.

183 3563 270 3640 Iam,
294 3567 476 3645 antequam
500 3565 540 3627 de
561 3566 622 3628 hac
643 3565 799 3648 opinione
818 3564 1069 3649 fusiusdisputc,
1082 3561 1260 3627 nonnullas

140 3686 283 3749 aliorum
308 3687 488 3750 sententias
511 3689 713 3769 perquiram.

157 3809 158 3812 ’
185 3809 408 3874 Klausenium
444 3813 479 3874 in
515 3813 602 3876 libro
638 3811 798 3890 „Aeneas
829 3813 898 3875 und
927 3813 980 3876 die
1010 3811 1178 3877 Penaten”
1206 3833 1259 3895 pg.

142 3936 215 4012 892,
251 3935 445 4003 Evandrum
480 3956 500 3998 a
536 3938 636 4001 verbo
669 3936 885 4013 „evanuere”
917 3942 953 4001 ut
984 3938 1118 4015 „Pales,
1141 3936 1260 4000 Palas'’

140 4078 160 4120 a
190 4058 336 4139 „paleo”
364 4059 580 4124 deducentem
607 4080 711 4143 eoque
736 4063 831 4126 modo
857 4063 1032 4125 nominum
1057 4062 1258 4125 Graecorum

140 4181 228 4263 apud
253 4182 421 4246 Romanos
443 4186 663 4265 praesentiam
690 4185 922 4266 explicantem,
945 4204 1026 4266 opus
1048 4185 1152 4266 magis
1172 4183 1259 4268 inge-

140 4308 271 4371 niosum
308 4326 407 4389 quam
444 4328 562 4372 verum
596 4311 699 4393 egisse
731 4311 815 4373 mihi
848 4314 989 4388 videtur,
1013 4312 1099 4393 quod
1131 4330 1259 4392 compa·
