2956 5040
757 397 798 456 46

226 605 311 687 parti
339 604 513 681 faventem,
538 604 617 668 belli
641 611 817 687 expertem,
844 607 1003 670 Mezentio
1026 606 1202 688 Turnoque
1227 624 1339 687 super·

227 730 346 804 etitem,
377 729 574 793 Mezentium
608 749 685 792 mox
715 731 750 791 in
776 748 886 812 pugna
908 730 1091 806 cadentem,
1116 731 1271 793 Turnum
1296 730 1341 792 ab

228 853 340 917 Aenea
365 855 516 929 occisum,
543 853 688 918 Aeneam
713 851 763 916 his
786 855 1007 936 superstitem,
1034 855 1165 917 Lavinii
1189 854 1338 917 condito·

227 999 296 1043 rem
321 980 603 1062 deprehendimus.

271 1104 341 1167 Etsi
362 1110 471 1168 autem
497 1106 531 1167 iu
557 1106 692 1188 Vergilii
718 1106 866 1169 carmine
888 1106 1036 1169 fabulam
1061 1107 1214 1170 omnibus
1237 1106 1341 1188 parti·

228 1229 289 1293 bus
308 1227 507 1294 elaboratam
529 1231 726 1307 invenimus,
749 1222 858 1294 tamen
879 1231 946 1293 alio
966 1232 1126 1314 quaedam
1140 1235 1340 1295 ornamenta

228 1362 529 1420 commemorantur
552 1376 572 1418 a
597 1356 765 1438 Dionysio,
790 1357 893 1421 veluti
916 1356 942 1434 I,
963 1358 1015 1433 55,
1036 1356 1142 1421 fontes
1154 1356 1241 1439 apud
1253 1357 1339 1419 Lau·

228 1491 357 1544 rentum
390 1501 448 1545 sua
468 1487 580 1563 sponte
603 1501 621 1546 e
644 1488 729 1545 terra
751 1482 953 1563 prosilientes
961 1508 970 1558 ;
994 1481 1018 1559 I,
1044 1483 1095 1558 56,
1119 1501 1183 1558 sus,
1207 1499 1294 1565 quae
1320 1499 1339 1544 e

229 1608 432 1671 sacerdotum
464 1607 619 1670 manibus
649 1607 841 1689 proripiens,
865 1607 899 1669 iu
931 1607 1074 1670 sterilem
1096 1606 1211 1670 collem
1238 1606 1343 1670 ferme

197 1784 203 1794 .
229 1731 341 1794 stadiis
372 1732 489 1814 viginti
522 1735 663 1814 quatuor
693 1750 713 1793 a
746 1733 827 1794 nrari
852 1731 1026 1795 distantem
1051 1732 1144 1815 fugit,
1168 1752 1270 1816 quam
1297 1735 1344 1796 ob

230 1873 297 1917 rem
333 1855 466 1931 Aeneae,
497 1855 616 1918 dubius
647 1856 762 1932 adhuc,
795 1857 848 1919 vel
881 1875 958 1919 voce
983 1857 1138 1939 quadam,
1160 1876 1179 1919 e
1201 1876 1343 1921 nemore

230 1984 369 2060 sonanti,
393 1983 445 2044 vel
468 1983 502 2045 in
527 1983 652 2045 somnio
677 1982 780 2045 forma
804 1984 971 2065 cujusdam
996 1984 1046 2047 dei
1070 1985 1170 2066 patrii
1194 1985 1344 2048 monitus

230 2112 278 2171 est
308 2108 355 2171 ibi
382 2109 496 2171 urbem
522 2109 674 2184 condere3
699 2107 724 2185 Ι,
751 2108 790 2168 59
815 2109 900 2190 ignis
922 2109 958 2171 in
982 2127 1125 2186 nemore,
1150 2128 1254 2192 quum
1283 2111 1345 2173 La·

231 2235 358 2297 vinium
393 2236 557 2299 aedificari
591 2242 771 2317 coeperant,
804 2256 824 2298 a
853 2237 931 2319 lupo
961 2237 1141 2320 aquilaque
1163 2238 1343 2319 excitatus,

232 2379 328 2443 quem
357 2361 471 2443 vulpes
495 2360 699 2444 exstinguere
724 2368 870 2439 conatur,
895 2367 928 2426 et
949 2363 1135 2426 Palladium
1159 2365 1202 2427 ab
1225 2363 1345 2428 Aenea

231 2492 407 2564 servatum,
437 2487 474 2550 cl.
500 2487 595 2549 Paus.
621 2487 664 2563 II,
689 2487 740 2563 23,
766 2490 804 2550 5:
839 2485 907 2563 „rol
937 2486 992 2564 μὲν
1022 2486 1057 2559 tt
1081 2486 1346 2554 Heraclium...

231 2607 316 2682 δῆλόν
338 2610 415 2673 ἐστιν
438 2609 467 2682 ἐς
487 2610 617 2674 Ἰταλίαν
636 2612 769 2689 κομισθὲν
782 2611 836 2675 ὑπὸ
849 2611 988 2685 Airslov‚”
1002 2614 1123 2697 quibus
1135 2617 1345 2679 ornamentis

233 2737 396 2819 Vergilius
418 2755 482 2800 non
509 2757 585 2799 usus
609 2743 666 2801 est.

276 2862 423 2925 Fabulae
462 2868 574 2926 autem
620 2864 789 2927 historiam
826 2869 1056 2947 persequentes
1086 2866 1154 2946 jam
1191 2865 1347 2929 videmus

233 2987 319 3069 (Tac.
352 2987 439 3051 Ann.
473 2987 528 3065 VI,
545 2991 613 3071 43)
646 2988 818 3053 Tiberium
849 2991 1041 3072 Segestanos
1064 2991 1202 3055 Veneris
1225 2992 1345 3056 aedem

233 3115 268 3176 in
304 3114 408 3194 Eryce
441 3115 646 3178 restituentes
680 3122 716 3179 ut
749 3117 1032 3199 consanguineum
1064 3117 1229 3199 adjuvare.
1263 3119 1347 3182 Sue·

234 3241 342 3303 tonius
377 3237 504 3320 (Claud.
541 3242 593 3323 tt)
627 3248 754 3305 narrat:
786 3291 805 3319 ‚‚
818 3241 1000 3325 (Claudius)
1033 3243 1218 3321 Iliensibus,
1249 3243 1348 3327 quasi

234 3366 404 3429 Romanae
437 3368 543 3448 gentis
571 3369 770 3445 auctoribus,
802 3369 928 3433 tributa
957 3369 991 3431 in
1025 3374 1220 3451 perpetuum
1243 3371 1348 3434 remi·-

233 3493 285 3570 sit,
312 3493 448 3556 recitata
477 3498 585 3556 vetere
608 3493 748 3575 epistula
772 3493 897 3558 Graeca
919 3500 1049 3558 senatus
1073 3495 1251 3578 populique
1276 3495 1343 3561 Ro·

235 3620 337 3694 mam,
372 3618 505 3682 Seleuco
540 3619 608 3702 regi
639 3620 819 3684 amicitiam
853 3625 885 3683 et
915 3621 1101 3684 societatem
1132 3621 1182 3683 ita
1204 3622 1342 3686 demum

234 3744 430 3826 pollicentis,
461 3744 488 3806 si
520 3745 778 3826 consanguineos
808 3764 880 3808 suos
903 3743 1037 3808 Ilienses
1060 3747 1103 3809 ab
1126 3747 1218 3809 omni
1242 3766 1346 3814 onere

234 3869 400 3931 immunes
422 3867 617 3950 praestitit'’.
641 3866 731 3932 Idem
756 3875 992 3947 commemorat
1012 3889 1144 3934 carmen
1164 3870 1343 3938 distichum

235 3993 271 4054 in
302 3991 485 4056 Neronem:
516 3991 624 4074 „Quis
655 3999 752 4076 negat
783 3993 914 4058 Aeneae
947 4015 1067 4078 inagna
1092 3997 1131 4060 de
1154 3997 1257 4079 stirpe
1282 3997 1348 4063 Ne·

238 4116 372 4182 runem?
398 4118 538 4182 Sustulit
571 4120 622 4182 hic
655 4125 804 4195 matrem,
827 4121 961 4183 sustulit
985 4121 1042 4184 ille
1064 4121 1226 4203 patrem.”
1252 4122 1350 4188 Taci-

238 4251 290 4307 tus
323 4244 362 4307 de
396 4246 490 4307 Drusi
520 4246 683 4327 exsequiis
710 4246 822 4309 scribit
844 4245 942 4327 (Anu.
968 4242 1023 4320 IV,
1050 4248 1081 4328 9)
1107 4294 1126 4323 ,‚
1139 4248 1238 4311 funus
1260 4249 1347 4313 ima·

237 4370 352 4451 ginum
376 4388 496 4452 pompa
520 4370 663 4433 maxime
685 4370 812 4433 illustre
833 4371 992 4449 luit,cum
1014 4372 1104 4454 origo
1116 4370 1226 4436 Juliae
1236 4377 1349 4457 gentis
