2956 5040
804 406 822 465 8

254 639 341 684 rasse
375 619 517 682 sciamus
551 635 695 698 eumque
726 614 759 677 id
793 613 1000 677 membratim
1024 613 1254 695 composuisse.
1280 609 1379 677 Inter

255 762 370 807 omues
394 741 573 804 sententias
598 759 697 803 unam
723 751 834 802 tamen
859 737 1005 800 desidero
1030 756 1131 818 quam
1159 737 1194 797 in
1215 741 1377 818 promptu

254 886 322 932 esse
346 884 443 930 nemo
468 865 614 947 negabit.
638 863 714 928 Non
736 864 898 926 miramur
919 863 1041 925 multos
1055 862 1193 944 Vergilii
1207 862 1376 943 aequales,

255 1008 374 1071 eosque
406 987 554 1071 Augusto
587 1008 652 1051 uon
676 988 840 1065 inimicos,
864 1007 931 1050 non
957 987 1160 1049 intellexisse
1183 985 1272 1067 quod
1296 991 1376 1048 ante

256 1113 365 1177 oculos
398 1113 467 1175 fieri
505 1113 672 1189 videbant,
707 1111 803 1174 illam
840 1111 940 1174 unius
974 1111 1038 1173 viri
1072 1111 1114 1173 ad
1147 1110 1375 1192 principatum

255 1237 486 1316 accessionem,
516 1235 602 1299 illud
636 1235 786 1300 omnium
820 1236 1028 1317 obsequium.
1060 1232 1127 1313 Qui
1152 1253 1375 1316 magnacum

256 1362 431 1445 prudentia
454 1380 563 1444 regem
587 1380 621 1423 se
644 1361 755 1425 vocari
780 1379 845 1423 uon
871 1379 970 1422 ausus
993 1365 1041 1422 est
1060 1359 1135 1441 plus
1154 1357 1377 1439 quomregali

255 1487 404 1571 potentia
434 1487 598 1568 gradatim
629 1487 751 1568 potitus
782 1490 848 1562 est;
880 1485 938 1566 qui
961 1502 1070 1566 regem
1096 1501 1269 1564 nunquam
1296 1481 1377 1544 tole·

254 1612 418 1675 ravissent
449 1611 553 1674 multo
584 1611 763 1693 majoribus
788 1610 983 1673 muneribus
1007 1609 1255 1690 honoribusque
1277 1605 1377 1669 illum

256 1742 469 1800 ornaverunt.
493 1737 566 1813 Eos,
590 1736 710 1818 quibus
736 1735 869 1798 libertas
893 1735 1063 1798 carissima
1083 1740 1162 1812 erat,
1181 1751 1215 1795 se
1234 1733 1320 1814 ipsos
1340 1733 1378 1794 in

258 1862 358 1924 unius
390 1863 454 1924 viri
484 1862 643 1925 ditionem
668 1861 861 1943 redigentes,
886 1878 1019 1923 causam
1045 1877 1201 1940 quaerere
1224 1857 1381 1920 videmus

255 1986 348 2048 illius
381 1987 481 2050 nnius
513 1986 578 2048 riri
603 1986 807 2062 temeritatis,
831 1985 999 2063 audaciae,
1024 1984 1167 2062 virtutis,
1192 1982 1248 2063 qui
1271 1982 1382 2045 omni·

258 2113 318 2175 bus
354 2110 491 2190 defessis,
529 2112 641 2174 multis
675 2114 745 2194 eJus
778 2112 947 2194 potentiae
981 2111 1115 2188 invidis,
1146 2110 1233 2174 solus
1261 2110 1381 2172 omnia

256 2236 457 2319 reipublicae
488 2256 627 2300 munera
657 2238 689 2299 ei
721 2236 877 2319 imposita
907 2235 1099 2299 dubitanter
1128 2234 1184 2298 sed
1216 2234 1380 2299 benevole

257 2362 443 2444 susciperet.
472 2361 647 2442 Quomodo
672 2362 899 2444 principatum
925 2364 1025 2440 tenet,
1050 2380 1149 2442 quem
1174 2363 1284 2442 petere
1308 2378 1379 2422 non

256 2508 358 2551 ausus
389 2493 447 2561 est,
478 2489 643 2578 quomodo
668 2487 766 2551 habet
788 2488 877 2569 quod
902 2490 938 2549 ut
962 2486 1104 2550 ambiret
1127 2486 1158 2550 ei
1180 2504 1278 2549 nemo
1302 2504 1380 2549 con-

258 2612 375 2677 cessit?
399 2615 566 2696 Vergilius
588 2614 656 2677 illis
680 2614 915 2696 quaerentibus
935 2632 1128 2696 responsum
1148 2613 1273 2676 dedisse
1294 2612 1380 2674 mibi

259 2738 389 2801 videtur
421 2757 526 2820 quum
562 2758 658 2801 suum
697 2736 843 2802 Aeneam
880 2738 989 2821 pinxit
1018 2738 1165 2802 invitum
1198 2738 1380 2802 adeuntem

259 2861 360 2924 maris
390 2861 547 2943 pericula,
578 2863 728 2925 invitum
759 2863 1007 2944 relinquentem
1026 2862 1109 2940 loca,
1134 2863 1256 2945 quibus
1279 2881 1383 2946 appu·

257 2987 354 3064 lerat,
386 2987 630 3050 exclamantem
663 2984 860 3071 Cartbagine
893 2992 1082 3071 conspecta:
1113 3009 1171 3067 „o,
1205 2989 1381 3070 fortunati,

258 3130 401 3193 quorum
431 3113 501 3194 jam
534 3113 666 3176 moenia
692 3111 863 3196 surgunt,''
885 3119 1077 3196 querentem
1104 3115 1161 3177 ubi
1184 3115 1227 3177 ab
1250 3114 1381 3180 Heleno

259 3239 292 3298 et
323 3235 555 3300 Andromache
586 3237 737 3300 discedit:
768 3238 906 3314 „Vivite
937 3239 1134 3304 felices...
1159 3239 1262 3303 Vobis
1284 3245 1383 3322 parta

258 3362 362 3443 quies,
386 3361 517 3424 nullum
540 3363 642 3425 maris
662 3382 786 3445 aequor
805 3365 966 3428 arandum
989 3365 1079 3427 Arva
1092 3385 1199 3448 neque
1212 3365 1380 3432 Ausoniae

258 3505 386 3569 semper
419 3488 568 3550 cedentia
591 3493 678 3552 retro
702 3487 931 3568 Quaerenda,”
955 3492 1011 3554 sed
1034 3510 1162 3573 semper
1187 3492 1381 3555 hortationi-

259 3610 319 3673 bus
352 3613 476 3690 matris,
509 3613 706 3692 amicorum,
730 3615 955 3697 prodigiorum
979 3617 1001 3677 i.
1020 3635 1048 3680 e.
1073 3616 1235 3679 divinitus
1258 3618 1381 3680 exeita·

260 3739 330 3798 tum
367 3736 431 3799 iter
464 3738 506 3799 ad
543 3737 676 3801 fatalem
714 3743 835 3801 terram
866 3745 1066 3823 pergentem.
1100 3740 1144 3803 Ut
1176 3740 1311 3820 Aeneas,
1336 3740 1384 3806 ita

260 3860 428 3942 Augustus
451 3862 611 3925 divinitus
637 3864 679 3925 ad
698 3884 796 3926 suum
818 3865 922 3927 fatum
943 3865 1101 3928 adductus
1121 3869 1169 3928 est
1176 3889 1185 3941 ;
1200 3866 1259 3929 boc
1270 3866 1381 3947 ipsum

259 3987 496 4067 quaerentibus
521 3991 699 4071 respondit.
725 3990 816 4053 Haec
840 3991 1006 4053 sententia
1030 3991 1107 4053 aliis
1131 3991 1384 4054 adnumeranda

260 4131 328 4174 esse
353 4113 435 4175 mihi
459 4114 601 4194 videtur,
627 4135 716 4194 nam,
744 4120 780 4179 ut
804 4117 884 4193 dixi,
909 4116 1154 4198 inquirentibus
1178 4117 1213 4178 in
1238 4117 1383 4219 Vergilii

260 4236 462 4317 propositum
489 4239 615 4302 nonin
642 4259 708 4304 uno
734 4240 936 4304 haerendum
966 4244 1023 4303 est.

304 4361 372 4423 Etsi
408 4381 461 4425 me
497 4382 606 4425 rerum
644 4364 875 4446 implicatione
907 4366 984 4429 huic
1016 4371 1180 4429 certarum
1212 4367 1324 4450 legum
1348 4373 1381 4431 et
