2956 5040
690 371 732 431 89

148 597 219 641 sere
241 577 404 643 dextram.
417 577 481 641 Hie
496 578 597 641 etiam
613 577 789 641 inventum
803 578 937 641 Priamo
949 575 1098 641 narrabis
1112 576 1274 642 Achille&

149 702 325 766 Praeterea
349 708 514 766 monstrat
532 701 685 765 Turnum
706 702 803 765 illum
826 701 990 766 Graecum
1012 722 1090 781 esse,
1109 703 1168 786 qui
1189 723 1275 767 nova

150 847 250 892 eausa
274 827 438 891 excitatus
460 828 683 892 inveteratum
705 826 907 892 Graecorum
930 828 966 890 in
988 828 1146 909 Trojanos
1159 828 1272 890 odium

152 954 252 1031 fovet,
287 954 387 1017 etiem
422 954 458 1016 in
489 952 608 1016 Italiae
633 953 708 1017 oris.
733 952 823 1015 Victi
845 952 952 1035 gloria
976 952 1116 1035 gloriam
1142 952 1277 1016 victoris

151 1084 270 1162 auget:
294 1080 370 1142 huie
394 1079 459 1162 legi
483 1079 650 1162 Vergilius
676 1080 802 1162 optime
826 1079 999 1142 obsecutus
1024 1084 1083 1142 est.

195 1205 262 1270 Ubi
286 1204 443 1267 Amatam
468 1203 587 1286 pinxit,
607 1210 674 1269 toto
691 1205 805 1267 animo
817 1204 936 1267 Latino
950 1203 1146 1285 persuadere
1158 1221 1277 1266 eonan·

150 1336 219 1394 tem
241 1334 365 1394 utnon
391 1330 522 1393 Aeneae
544 1331 600 1393 sed
624 1328 738 1392 Turno
763 1328 938 1391 Laviniam
966 1345 1103 1391 uxorem
1126 1327 1227 1404 daret,
1241 1328 1277 1389 in

150 1474 285 1519 summa
316 1453 465 1519 oratione
492 1454 675 1517 dicentem:
712 1454 785 1529 „Et
815 1451 928 1516 Turno
950 1452 1092 1515 Iuaohus
1114 1451 1276 1515 Acrisius·

150 1600 221 1663 que*
246 1586 366 1664 patres,
392 1579 588 1662 mediaeque
617 1577 811 1661 Myoeuee'’‚
837 1598 904 1643 nou
929 1579 1034 1659 liquet
1058 1582 1171 1640 utrum
1198 1577 1278 1640 haee

152 1706 255 1770 verba
276 1725 318 1769 ex
336 1707 452 1795 ardore
474 1706 616 1769 materni
635 1705 757 1769 amoris
777 1705 846 1767 sint
867 1710 940 1768 orta
958 1723 1002 1766 an
1023 1723 1063 1766 ex
1083 1703 1149 1766 alio
1162 1708 1278 1785 poetae

151 1832 321 1912 figmento.
340 1832 450 1896 Potest
471 1831 561 1895 enim
580 1832 649 1894 fieri
663 1866 706 1877 -
720 1837 753 1895 et
764 1831 805 1893 ad
820 1831 904 1893 hane
915 1829 1135 1912 suspicionem
1150 1829 1277 1892 verbis:

153 1955 330 2032 „Audaeis
351 1954 469 2019 Rutuli
492 1955 534 2017 ad
557 1974 681 2033 muros,
702 1974 804 2037 quem
826 1954 949 2018 dieitur
961 1955 1076 2017 urbem
1092 1953 1279 2017 Aerisoneis

156 2080 272 2143 Danai}
296 2078 451 2143 fundasse
474 2076 621 2143 eolouis”
643 2078 840 2143 addueimur
862 2115 905 2126 -
929 2084 966 2142 ut
988 2084 1095 2161 potita,
1119 2080 1277 2141 Daunum

154 2205 259 2287 petris
295 2222 417 2267 nomen
452 2204 617 2286 explicere
654 2207 840 2280 uouentem,
875 2204 1005 2267 Dauebs
1035 2201 1212 2286 appulsum
1237 2204 1279 2265 ed

154 2328 277 2393 Italiae
300 2329 413 2393 littore
436 2329 653 2392 transtulerit.

199 2453 252 2516 Ex
282 2454 334 2516 his
365 2455 506 2536 quisque
536 2452 600 2517 sibi
622 2454 711 2536 quod
734 2454 862 2536 placeat
886 2452 998 2533 eligat.
1022 2452 1105 2514 Mihi
1128 2451 1207 2514 satis
1230 2414 1279 2516 est

154 2577 333 2642 ostendisse
363 2597 464 2660 quam
496 2577 629 2642 fabulae
662 2583 791 2659 partem
825 2575 991 2660 Vergilius
1014 2582 1164 2660 paratam
1189 2578 1279 2640 inve·

153 2702 253 2780 uerit,
275 2702 356 2784 quid
378 2703 449 2784 ipse
471 2703 605 2766 finxerit
625 2721 666 2765 ex
687 2701 833 2785 repertis,
846 2703 926 2784 quid
946 2702 1145 2765 recentiores
1157 2703 1279 2783 exejus

153 2829 313 2911 figmento
334 2827 590 2910 oomposuerint.

694 3435 740 3507 V.

610 3653 836 3740 Tyrrhus.

648 3893 794 3903 -—-—--

205 4068 364 4151 Tyrrhus,
377 4070 459 4152 regii
479 4070 623 4133 armenti
638 4070 793 4151 magister
805 4089 825 4132 e
837 4069 930 4133 nullo
943 4073 1099 4153 scriptore
1112 4070 1175 4132 nisi
1187 4089 1208 4132 a
1221 4069 1281 4133 On.

159 4193 278 4273 Gellio,
292 4192 333 4258 el.
347 4197 441 4259 Auot.
450 4194 481 4257 d.
490 4215 536 4260 or.
545 4201 635 4277 gent.
645 4195 741 4258 Rom.
752 4215 800 4277 ep.
813 4196 852 4256 16
864 4219 870 4255 :
892 4195 1057 4271 „Interim
1072 4195 1224 4269 Lavinia,
1238 4195 1281 4258 eb

162 4317 273 4382 Aenea
290 4320 428 4402 gravida
446 4320 572 4395 relicta,
594 4325 694 4396 metu,
716 4319 820 4382 veluti
843 4319 1024 4382 insecuturi
1037 4338 1070 4380 se
1084 4318 1231 4395 Ascanii,
1244 4318 1280 4378 in
