2956 5040
681 419 698 478 5

173 623 323 686 Fabulae
354 623 480 686 multae
514 628 612 687 natae
641 629 720 685 sunt
743 642 885 705 quarum
911 624 997 687 aliae
1024 624 1074 687 rel
1099 625 1179 704 quia
1204 624 1258 686 ho·

130 750 260 811 minum
297 749 419 811 animis
453 769 521 812 non
558 756 708 831 acceptae
743 754 837 812 erant
873 747 925 812 vel
956 750 1038 811 alias
1071 749 1113 811 ob
1144 768 1257 812 causas

128 874 276 955 perditae
308 877 394 950 sunt,
427 873 513 936 aliae
547 893 624 936 vero
654 877 796 936 aetutem
824 871 981 951 tulerunt,
1006 874 1126 955 quibus
1150 874 1256 936 omui-

129 999 190 1061 bus
222 1003 334 1060 tamen
366 998 504 1061 facultas
536 996 679 1080 fingendi
708 998 800 1080 origo
832 1004 912 1074 erat,
937 1017 1020 1079 quae
1044 998 1137 1061 nullo
1163 997 1256 1060 modo

128 1121 369 1203 antiquissimis
407 1120 600 1184 hominibus
637 1121 851 1185 attribuenda
878 1121 1180 1201 recentioribusque
1204 1121 1257 1183 ab·

128 1246 269 1309 dicanda
301 1251 359 1309 est.
393 1243 482 1324 Quas
503 1246 545 1308 ob
569 1264 684 1308 causas
704 1244 854 1308 fontibus
872 1245 1096 1307 recentiorum
1121 1244 1255 1326 scripto·

129 1389 214 1448 rum,
237 1371 393 1453 inprimis
414 1374 600 1451 poetarum,
623 1369 672 1431 vis
691 1369 835 1452 fingendi
854 1387 985 1450 quoque
1005 1368 1256 1431 adnumeranda

128 1493 210 1558 esse
227 1495 313 1556 mihi
339 1494 480 1557 videtur.
506 1493 679 1575 Inquisitio
704 1497 816 1556 tamen
843 1493 986 1555 fontium
1012 1493 1099 1555 unde
1123 1493 1257 1574 scripto·

127 1639 179 1682 res
203 1619 394 1701 petiverunt
419 1619 507 1682 viros
531 1619 640 1681 doctos
661 1623 729 1680 tarn
753 1636 849 1700 saepe
869 1618 910 1679 ad
932 1617 1159 1698 antiquiorum
1181 1635 1256 1679 auc·

129 1750 235 1807 torum
268 1743 369 1806 libros
394 1744 499 1820 duxit,
530 1749 567 1806 ut
590 1741 655 1806 fere
680 1742 834 1805 omuibus
858 1743 1095 1806 recentioribus
1120 1761 1253 1807 omnem

128 1869 272 1951 fingendi
305 1869 495 1931 facultatem
530 1866 730 1950 abjudicent,
762 1868 870 1949 iisque
897 1886 1029 1949 prorsus
1051 1867 1184 1930 nullum
1207 1868 1256 1929 in·

130 1994 296 2056 ventionis
339 1994 513 2075 ingenium
554 1993 719 2055 tribuunt.
757 1991 849 2055 Idem
886 1993 1007 2056 vitium
1043 1993 1080 2055 in
1115 1993 1254 2076 Vergilii

130 2116 236 2201 operis
259 2118 490 2182 aestimatione
514 2137 645 2200 quoque
669 2118 874 2182 offendimus.

173 2244 261 2305 Eum
294 2243 402 2306 multa
434 2263 474 2307 ex
505 2234 612 2306 Iliade
642 2240 854 2325 Odysseaque
877 2243 1125 2326 deprompsisse,
1150 2243 1253 2306 etiarn

132 2369 352 2446 transtulisse,
374 2368 474 2432 multi
494 2368 559 2432 loci
579 2373 762 2446 testantur3
783 2388 860 2432 eum
873 2372 905 2432 et
918 2369 1035 2452 Trojae
1049 2369 1253 2432 eversionem

129 2512 150 2555 a
172 2493 333 2556 Pisandro
358 2511 464 2575 paene
488 2493 529 2555 ad
556 2494 695 2557 verbum
721 2493 986 2577 transscripsisse,
1012 2498 1049 2556 ut
1068 2493 1256 2556 Macrobius

130 2618 198 2680 Sat.
223 2617 254 2678 V
269 2642 276 2679 z
291 2618 320 2694 2,
345 2618 366 2678 t
390 2623 507 2680 narrat
530 2617 678 2699 aliosque
700 2617 787 2682 locos
806 2637 827 2680 a
845 2616 973 2681 Naevio
987 2617 1161 2699 Ennioque
1173 2636 1255 2699 quos

129 2743 262 2807 Servius
281 2742 422 2834 indicat,
435 2743 567 2806 eredere
581 2743 734 2824 equidem
749 2743 832 2820 volo,
846 2742 901 2805 sed
913 2761 1118 2825 quamquam
1131 2741 1253 2806 Naevii

131 2886 260 2930 versus:
282 2913 302 2942 „
313 2866 433 2930 blande
450 2872 482 2930 et
494 2867 589 2930 docte
602 2871 786 2949 percontat,
800 2865 914 2931 Aenea
932 2885 999 2948 quo
1012 2871 1108 2949 paeto
1120 2867 1254 2950 Trojam

27 3065 31 3072 Ι
131 2993 247 3056 urbem
270 2990 439 3073 liquisset''
460 2991 639 3056 ostendunt
661 2992 808 3055 Aeneam
821 2991 1115 3074 aliquandosuum
1130 2989 1255 3074 eTrcja

130 3115 296 3180 decessum
330 3135 489 3193 narrasse,
522 3134 588 3179 non
621 3121 732 3178 tamen
764 3117 806 3179 iis
838 3117 896 3198 qui
928 3135 970 3179 ex
1002 3117 1053 3178 his
1075 3116 1185 3180 verbis
1208 3136 1255 3177 ar-

130 3245 237 3324 guunt
273 3240 460 3321 Vergilium
496 3245 598 3304 totam
635 3242 858 3304 narrationem
897 3242 984 3324 apud
1019 3239 1182 3305 Didonem
1214 3260 1255 3304 ex

128 3365 250 3430 Naevii
278 3367 427 3429 carmine
459 3367 613 3444 hausisse,
638 3367 823 3430 consentire
849 3386 992 3449 possum.
1018 3367 1160 3429 Etiamsi
1184 3386 1256 3449 pro·

131 3493 208 3555 bare
228 3511 402 3574 possumus
424 3492 510 3556 unde
530 3497 627 3574 poeta
650 3491 755 3555 multa
775 3492 913 3555 nomina
925 3493 1113 3574 multasque
1126 3492 1255 3555 fabulas
1280 3495 1283 3500 ’

129 3616 294 3699 petiverit,
322 3617 448 3680 minine
472 3617 548 3680 inde
572 3618 726 3699 sequitur
748 3616 882 3680 nullum
909 3637 1030 3682 nomen
1056 3617 1254 3699 nullamque

129 3742 277 3805 fabulam
313 3745 382 3825 ejus
418 3743 563 3824 fingendi
595 3743 747 3806 facultati
780 3762 875 3806 suam
904 3744 1063 3826 originem
1090 3743 1252 3806 debuisse.

70 3948 75 3961 „
131 3868 196 3930 Ubi
227 3868 329 3950 igitur
362 3868 491 3930 nomini
522 3867 573 3929 vel
605 3867 739 3931 fabulae
771 3887 837 3930 non
869 3870 968 3931 antea
991 3874 1252 3931 commemorato

129 3991 343 4068 occurrimus,
365 3992 445 4054 haec
467 3991 615 4070 facultas,
637 3995 675 4054 ut
694 4011 789 4074 saepe
810 3992 857 4070 fit,
880 4011 944 4055 non
959 3992 1253 4074 praetermittenda

131 4116 215 4178 mihi
235 4116 377 4180 videtur.
392 4116 466 4179 Scio
488 4135 541 4178 me
562 4117 647 4180 hanc
660 4119 823 4181 rationem
836 4122 1024 4199 sequentem
1038 4135 1148 4179 errare
1160 4136 1251 4199 posse

130 4241 183 4305 sed
217 4241 287 4322 qui,
323 4246 361 4303 ut
395 4245 508 4323 postea
536 4240 700 4319 indicabo,
728 4261 839 4305 rerum
864 4246 1014 4306 actarum
1045 4242 1253 4306 narrationes

132 4386 252 4450 magna
277 4366 412 4430 licentia
438 4370 567 4429 mutare
585 4386 683 4431 ausus
704 4374 760 4444 est,
781 4368 927 4449 profecto
948 4386 1013 4430 non
1034 4385 1176 4429 ararum
1189 4367 1252 4429 sub
