2956 5040
635 358 675 423 57

106 571 236 654 quenda
274 575 323 636 est
356 571 465 654 potius
494 570 595 648 Livii,
617 569 775 635 Sisennae
798 574 831 634 et
853 567 987 636 Catenis
1009 566 1219 635 austeritas.”

151 697 211 760 His
243 696 474 781 insignissimis
506 696 701 760 testimoniis
725 696 764 759 de
788 695 919 760 Aeneae
942 696 984 759 ad
1007 696 1139 760 Latium
1164 715 1218 779 ap·

103 821 202 905 pulsu
233 821 338 904 deque
369 821 465 885 rebus
487 819 534 885 ibi
557 822 639 885 aetia
664 822 825 906 congestis
847 820 887 885 ad
912 842 1025 888 eorum
1051 841 1220 905 eompara-

105 947 231 1011 tionem
259 937 476 1012 transeamus.

148 1071 215 1138 Iter
238 1073 387 1138 Aeneam
410 1074 522 1139 fecisse
545 1094 632 1139 nave
657 1094 726 1138 una
748 1073 906 1152 Naevius,
934 1073 1053 1158 viginti
1076 1076 1219 1141 navibus

102 1202 211 1267 Varro
234 1207 364 1281 narrat3
389 1221 467 1266 num
490 1206 582 1285 patre
606 1199 750 1265 Anehisa
772 1198 854 1265 Cato
868 1200 1121 1283 Dionysiusque‚
1135 1201 1220 1283 quod

102 1329 247 1392 aliorum
283 1347 381 1393 nemo
412 1332 512 1411 negat
521 1353 529 1403 ;
561 1347 636 1391 eum
662 1326 813 1404 Ascanio,
838 1324 980 1390 Crsiisas
1004 1326 1083 1403 filio,
1108 1345 1220 1390 seeun-

103 1455 185 1518 dum
210 1451 383 1532 Catonem,
410 1454 605 1531 Varronem,
629 1453 841 1535 Dionysium,
867 1472 962 1535 quem
988 1454 1101 1517 Livius
1124 1452 1221 1533 solus,

106 1579 272 1642 haesitans
296 1584 418 1657 tamen,
442 1585 557 1642 natum
583 1599 601 1643 e
623 1579 767 1641 Lavinia
790 1578 879 1642 dieit.

151 1702 343 1783 Civitatem,
380 1723 479 1786 quam
516 1704 658 1787 primam
693 1704 769 1768 feeit
791 1703 921 1768 Aeneas
943 1703 1075 1788 Trojam
1099 1705 1219 1769 dietam

105 1828 203 1908 Cato,
240 1827 429 1912 Dionysius,
464 1829 583 1892 Livius
612 1833 882 1906 commemorant,
914 1829 969 1892 eui
998 1815 1127 1894 civitati
1149 1829 1222 1895 Cas·

104 1955 177 2017 sins
201 1954 344 2018 Hemina
367 1954 455 2018 selus
478 1975 544 2018 non
569 1954 677 2018 locum
704 1954 869 2035 assignare
889 1955 1029 2033 videtur,
1050 1955 1104 2019 sed
1125 1955 1221 2020 facile

102 2080 214 2164 potuit
237 2080 307 2144 fieri
332 2085 367 2143 ut
390 2078 532 2144 breviter
555 2100 691 2143 narrans
712 2082 880 2144 emitteret
898 2098 984 2162 quae
1003 2081 1221 2145 interadven·

102 2209 178 2269 tum
202 2210 234 2269 et
260 2210 389 2288 tempus
411 2225 477 2288 quo
498 2205 678 2268 Lavinium
704 2204 875 2270 eonditum
901 2209 948 2269 est
970 2206 1145 2270 intersunt.

152 2330 293 2396 Aeneam
325 2331 489 2414 appulisse
520 2351 608 2395 anne
639 2331 780 2396 seeundo
810 2336 882 2413 post
904 2330 1037 2414 Trojam
1060 2350 1222 2415 expugna-

103 2462 177 2522 tam
201 2457 330 2523 Cassius
353 2465 517 2524 memorat
540 2464 573 2523 et
598 2459 776 2541 Dionysius
799 2459 838 2521 ef.
862 2454 889 2537 Ι,
915 2458 973 2521 63:
997 2506 1016 2535 „
1026 2455 1169 2534 λαβόντες
1192 2455 1223 2520 δὲ

103 2581 218 2662 χωρίον,
243 2581 389 2663 οίκιῖουσνν
413 2584 441 2647 ἕν
461 2583 540 2664 αὐτῷ
561 2581 718 2656 Λαουίνιον,
741 2583 788 2647 τόν
808 2581 933 2663 δεύτερον
952 2581 1011 2647 atet
1023 2581 1222 2656 τῆςοίλόσεως

103 2708 350 2788 ε’κτλνριόσαντες
371 2709 531 2774 ἕνιαυτόν.”
553 2709 689 2793 Reliqui
712 2709 752 2774 de
775 2729 862 2774 anno
886 2714 1004 2774 tacent.

151 2837 304 2900 Latinum
335 2837 460 2901 dedisse
479 2839 596 2920 jugera
620 2834 715 2914 DCC,
740 2855 854 2920 agrum
880 2836 936 2918 qui
961 2841 1008 2900 est
1030 2837 1118 2899 inter
1139 2837 1222 2900 Lau·

102 2963 241 3025 rentum
272 2966 304 3026 et
332 2966 439 3026 eastra
461 2961 614 3045 Trojana,
641 2960 724 3026 Cato
748 2967 881 3041 narrat;
905 2961 1036 3027 Cassius
1060 2959 1221 3026 Hemina:

102 3087 327 3170 „quingentis
352 3089 477 3172 jugeris
501 3087 543 3152 ab
567 3107 604 3152 eo
629 3085 803 3170 acceptis’,
828 3088 924 3153 Dion.
948 3084 976 3167 Ι,
1001 3090 1060 3151 53:
1084 3086 1165 3166 ,καί
1189 3088 1222 3152 τὸ

102 3213 220 3292 χωρίον,
257 3213 286 3276 ἕν
321 3205 341 3293 ᾧ
378 3211 735 3293 κατεστρατοπεδεύσαντο
768 3209 801 3287 ἐξ
835 3212 944 3277 ἐκείνων
973 3213 1064 3294 Τροία
1092 3220 1221 3287 καλείπο,

103 3336 217 3417 ἀπέχει
249 3338 281 3402 δὲ
303 3345 356 3412 τῆς
380 3337 529 3414 όαλοίττνς
552 3337 638 3421 ἀμφὶ
661 3339 727 3411 τοὺς
753 3338 896 3420 τέτταρας
920 3338 1086 3418 σταδίους”,
1111 3337 1138 3419 Ι,
1162 3342 1222 3403 45:

105 3514 128 3544 ,,
138 3462 286 3544 κατέσχον
318 3465 356 3538 είς
388 3464 542 3545 Λωρεντόν,
574 3465 606 3529 οὔ
637 3465 729 3546 πρόσω
761 3468 816 3529 τῶν
847 3464 982 3543 ἐμβολῶν
1004 3470 1055 3530 τοῦ
1079 3465 1222 3548 Τιβέριος·

104 3589 251 3667 λαβόντες
286 3590 317 3654 δὲ
351 3589 433 3670 παρόν
466 3594 522 3654 τῶν
553 3589 740 3671 Ἀβοριγίνων
770 3589 873 3671 χωρίον
903 3592 941 3663 είς
965 3588 1070 3665 οίκνσιν
1092 3589 1144 3655 καί
1168 3588 1223 3655 tes

105 3713 211 3791 ἠξίουν,
234 3714 402 3796 πολίζονται
424 3716 522 3797 μικρὸν
545 3714 730 3796 ἀποσχόντες
752 3717 811 3781 ν’νπό
830 3715 980 3790 όαλνίττνρς
1000 3715 1223 3798 ε’πίλόΦιρπινί,

105 3839 256 3905 Λαουίνιον
287 3838 379 3918 ὄνομα
403 3849 439 3922 τῇ
465 3841 546 3905 πόλει
571 3838 709 3920 όέμενοι”,
735 3847 767 3905 et
789 3843 878 3925 panis
901 3843 1106 3919 conditiones
1128 3843 1224 3907 refer·

104 3987 184 4032 rens
214 3966 241 4046 I,
267 3969 325 4029 59:
350 3966 559 4047 ,Ἀβοριγῖνας
582 3967 637 4044 μὲν
660 3970 755 4047 Τρῶσι
779 3966 875 4030 δοῦναι
896 3966 1006 4047 χώραν,
1030 3963 1098 4040 όσνν
1120 3963 1222 4041 ἠξίουν,

105 4092 192 4173 ἀμφὶ
214 4093 280 4166 τοὺς
301 4092 511 4174 πεππεροίκοντα
534 4093 668 4162 σταδίους
692 4098 854 4173 πανταχοῦ
878 4091 1070 4174 πορευομένοις
1093 4092 1152 4155 νὀπό
1174 4095 1224 4156 τοῦ

105 4217 233 4300 λόφουίζ
264 4221 380 4285 Strabo
411 4221 540 4303 scripsit
564 4216 601 4297 V,
628 4221 657 4298 3,
683 4221 718 4282 2:
744 4268 763 4298 ,,
776 4217 854 4301 φασί
878 4219 909 4283 δὲ
933 4217 1046 4282 Αἰνείαν
1071 4215 1151 4295 μετόν
1173 4220 1224 4280 τοῦ

105 4344 216 4424 πατρὸς
240 4343 389 4425 Ἀγχίσου
412 4342 463 4409 καί
487 4347 538 4407 τοῦ
561 4343 664 4414 παιδός
687 4344 853 4418 Ἀσκανίου,
878 4342 1067 4424 κατοίραντας
1086 4342 1124 4414 είς
1138 4340 1222 4408 Λαοί-
