2956 5040
716 394 756 456 98

174 602 293 683 repetit
325 598 445 666 Justin.
481 599 603 677 XLIII,
641 603 670 679 1,
707 602 765 663 13:
798 601 956 677 „Bellum
992 602 1109 666 deinde
1140 603 1295 666 adversus

175 726 386 802 Mezentium,
423 726 639 790 Etruseorum
675 745 784 807 regem
820 727 920 808 gessit
929 751 938 802 ;
970 726 1005 787 in
1037 745 1104 807 quo
1129 726 1299 808 cumipse

177 849 326 934 (Aeneas)
352 852 530 928 oeeidisset,
554 852 591 912 in
616 851 726 915 loeum
749 853 818 934 eJns
839 850 1300 916 Ascaniusfiliussuooessit.''

177 977 246 1040 Hae
271 977 450 1039 relationes
473 996 587 1041 omnes
611 982 707 1058 aptae
730 981 807 1038 sunt
831 977 872 1039 ad
891 975 1184 1039 demonstrandum
1208 975 1301 1038 fabu-

177 1103 242 1164 lam
270 1103 426 1165 traditam
452 1122 472 1164 a
495 1103 641 1184 Vergilio
666 1101 834 1166 detersam
855 1122 932 1166 esse.

220 1227 422 1309 Indagemus
446 1229 542 1310 hujus
562 1228 758 1291 mutationis
778 1247 925 1290 oausam.
943 1227 1126 1291 Mezentius
1146 1227 1189 1291 ab
1202 1227 1301 1312 Agyl·

177 1353 256 1416 linis
279 1354 432 1436 expulsus
456 1373 476 1416 a
499 1357 596 1434 polita
619 1352 749 1415 dieitur.
776 1352 847 1416 Hoe
872 1352 943 1427 „ab
968 1350 1154 1434 Agyllinis'’
1179 1373 1239 1416 nos
1260 1357 1302 1418 ad

179 1480 353 1543 veritatem
395 1479 514 1543 dooere
557 1479 697 1542 videtur.
740 1478 934 1541 Invenimus
969 1477 1052 1542 Aen.
1089 1475 1184 1556 VIII,
1220 1480 1302 1543 478:

178 1604 308 1679 „Urbis
341 1602 520 1686 Agyllinae
555 1602 654 1679 sedes,
689 1603 746 1666 ubi
778 1602 885 1683 Lydia
917 1603 1085 1684 quondam
1109 1622 1190 1685 gens
1216 1602 1302 1668 bello

178 1729 354 1809 praeclara,
374 1728 462 1810 jugis
484 1725 604 1790 insedit
628 1725 804 1804 Etruscis'',
828 1746 930 1808 quare
956 1727 1053 1808 hujus
1074 1725 1215 1810 regionis
1229 1728 1302 1804 viri,

179 1854 259 1916 499:
284 1854 485 1930 „Maeoniae
509 1853 635 1917 deleeta
653 1849 846 1934 juventns'',
870 1852 929 1930 XI,
958 1852 1039 1916 759:
1063 1854 1195 1928 „Ducis
1216 1854 1304 1934 (Tar-

181 1976 319 2058 chontis)
355 1978 544 2059 exemplum
578 1982 803 2058 eventumque
834 1978 938 2040 secuti
970 1977 1162 2041 Maeonidae
1194 1979 1304 2041 ineur-

181 2102 290 2180 ruut’',
315 2109 484 2180 voeantur,
505 2122 647 2184 quorum
671 2102 870 2184 longaevum
886 2103 1091 2184 haruspicem
1105 2103 1174 2165 fata
1187 2122 1304 2166 eanen·

185 2234 248 2292 tem
275 2229 431 2291 audimus
452 2228 541 2306 VIII,
566 2227 648 2290 502:
669 2227 792 2303 „Nulli
813 2227 861 2289 fas
874 2226 959 2290 Italo
975 2225 1162 2309 (Mezentio)
1176 2233 1302 2292 tantam

181 2356 375 2438 subjungere
398 2353 563 2436 gentem.”

222 2479 298 2540 Iam
324 2478 507 2542 Herodotus
531 2483 725 2540 narraverat
748 2474 778 2555 I,
803 2479 844 2538 94
868 2477 1034 2558 Lydorum
1057 2484 1196 2559 partem,
1217 2477 1305 2541 fame

182 2608 337 2680 casatam,
362 2604 443 2667 duee
467 2602 652 2682 Tyrrheno,
678 2603 719 2665 ad
745 2602 887 2666 Umbros
912 2604 1077 2684 migrasse,
1099 2622 1198 2685 seque
1222 2601 1304 2683 Tyr·

138 2760 142 2764 ·
182 2730 299 2800 rhenos
334 2729 533 2804 nominasse,
568 2728 657 2809 quod
692 2727 827 2790 Servius
858 2728 955 2790 refert
987 2725 1072 2790 Aen.
1106 2726 1196 2803 VIII,
1221 2727 1304 2791 479:

182 2853 396 2927 „Maeoniam
441 2853 648 2934 provinoiam
685 2871 763 2929 esse,
799 2854 892 2934 eujus
927 2852 1006 2914 dum
1043 2849 1187 2914 brevitas
1224 2851 1305 2915 duos

182 2977 296 3042 fratres
331 2978 462 3059 Lydum
498 2982 531 3042 et
561 2978 773 3059 Tyrrhenum
808 2977 891 3040 ferre
923 2996 989 3040 non
1013 2980 1130 3058 posset,
1154 2995 1194 3039 ex
1220 2981 1306 3039 sorte

180 3101 372 3184 Tyrrhenus
403 3123 477 3166 eum
506 3103 635 3185 ingenti
661 3102 874 3165 multitudine
900 3101 1063 3184 protectus
1085 3105 1213 3183 partem
1239 3097 1308 3162 Ita-

180 3224 244 3290 liae
277 3227 388 3289 tenuit
418 3231 451 3290 et
481 3226 701 3307 Tyrrheniam
733 3225 955 3290 nominavit.’'
982 3225 1160 3308 Hucusque
1182 3223 1307 3289 tradita

178 3357 310 3415 seoutus
332 3356 381 3415 est
405 3348 583 3432 Vergilius.
609 3352 672 3414 Sed
696 3368 800 3431 quum
822 3350 963 3432 legimus
982 3349 1068 3432 apud
1091 3350 1228 3424 Dionys.
1242 3349 1302 3427 III,

181 3479 241 3540 58:
273 3474 353 3553 »εἰνὶ
385 3476 438 3548 τὴν
463 3479 650 3556 Καιρητανῶν
673 3472 757 3538 πόλιν
780 3468 836 3551 ἦγε
862 3473 1024 3558 (βασιλεὺς
1047 3471 1227 3560 Ταρκύνιος)
1254 3473 1306 3546 τὴν

176 3600 316 3679 δύναμιν,
353 3600 370 3673 ἦ
405 3599 535 3682 πρότερον
571 3600 627 3678 μὲν
663 3596 811 3677 ’Άννλλα
845 3599 985 3673 ἐκαλεῖτο,
1021 3602 1186 3676 Πελασγῶν
1215 3598 1308 3671 αὐτὴν

178 3726 401 3801 κατοικούντων,
433 3727 488 3792 ὑπὸ
518 3725 549 3790 δὲ
580 3728 735 3808 Τνῤῥννοῖς
757 3723 897 3803 γενομένη
922 3725 1052 3805 Καίρητα
1075 3723 1308 3803 μετωνομαοθν”

178 3861 212 3918 et
245 3855 270 3932 I,
304 3857 364 3916 64:
389 3851 469 3931 „uui
493 3852 545 3916 σὺν
570 3853 671 3924 αὐτοῖς
698 3848 878 3937 (Ῥοτόλοις)
906 3849 1049 3928 βασιλεὺς
1072 3853 1220 3932 Τνρῥννῶν
1243 3859 1309 3915 Με-

178 3975 319 4055 σὲντιος”,
343 3979 430 4060 apud
455 3979 648 4041 Strabonem
675 3977 718 4050 V,
743 3996 795 4058 pg.
823 3977 903 4038 220:
927 3972 1097 4054 »Ἄγυλλα
1116 3975 1173 4056 γαρ
1193 3973 1309 4052 ὦνομοὶ·

177 4102 246 4183 ζετο
279 4102 312 4166 τὸ
346 4101 474 4183 πρότερον
506 4103 522 4176 ἡ
555 4107 604 4166 νῦν
635 4100 756 4181 Κατρέα,
782 4098 834 4164 καὶ
858 4099 979 4177 λέγεται
1002 4105 1167 4178 Πελασγῶν
1191 4101 1309 4178 κτίσμα

179 4231 235 4290 τῶν
267 4226 437 4299 Θετταλίας
458 4225 642 4307 ἀφιγμένων.
668 4229 726 4288 τῶν
752 4222 782 4288 δὲ
807 4225 921 4298 Λυδῶν,
946 4223 1021 4306 οἵτερ
1045 4223 1182 4306 Τνῤῥννοὶ
1211 4249 1309 4303 μετω-

181 4351 378 4430 νομάσθησαν,
401 4349 687 4433 ἐπιστρατευσάντων
711 4355 775 4421 τοῖς
800 4348 1004 4426 Ἀγνλλαίοις,
1024 4351 1142 4431 προσιὼν
1162 4351 1202 4431 τῷ
1215 4348 1310 4429 τείχει
