2956 5040
620 398 661 459 45

83 607 269 672 Pallantem
292 626 366 671 cum
388 609 489 689 copiis
508 608 544 669 in
565 609 633 690 ejus
653 608 748 670 fidem
769 607 947 671 committit
967 607 1144 690 suadetque
1157 611 1193 670 ut

83 732 248 796 auxilium
286 733 533 814 Tyrrhenorum
570 737 666 815 petat.
703 729 813 796 Venus
848 732 914 795 filio
949 752 1006 795 suo
1041 751 1143 808 arma,
1176 752 1196 794 a

82 857 235 922 Vulcano
260 857 414 935 conlecta,
439 857 550 920 affert·
564 858 612 920 Eo
637 858 771 938 absente
794 857 909 920 Rutuli
930 858 1075 940 sociique
1086 855 1196 920 Turno

82 982 166 1045 duce
193 989 299 1046 castra
322 983 462 1066 Trojana
488 988 613 1066 urgent,
637 983 693 1045 sed
717 981 962 1063 Tyrrhenorum
989 982 1114 1046 auxilio
1137 983 1196 1044 im·

81 1115 210 1191 petrato
230 1129 268 1173 ea
288 1111 457 1174 obsidione
476 1108 603 1174 Aeneas
615 1111 744 1187 liberat,
758 1111 1033 1192 Mezentiumque,
1046 1129 1156 1192 regem
1176 1129 1197 1172 a

83 1232 272 1300 Caeritibus
300 1237 486 1319 expulsum,
511 1237 639 1300 occidit.
665 1236 741 1300 Post
765 1239 872 1299 varios
896 1257 988 1300 casos
1011 1256 1069 1299 sua
1092 1241 1197 1300 castra

81 1360 126 1424 ad
150 1360 265 1424 urbem
289 1362 503 1437 Laurentum,
527 1362 567 1424 ad
591 1380 689 1444 quarn
712 1361 842 1425 Turnus
861 1363 1018 1443 confugit,
1031 1362 1195 1426 admovet.

83 1481 216 1550 Turnus
239 1485 432 1571 Aeneaeque
457 1506 574 1550 manus
593 1506 761 1551 conserere
781 1492 912 1570 optant,
924 1488 1063 1551 Latinus
1076 1488 1197 1550 hustra

82 1610 182 1674 illum
216 1613 356 1676 retinere
386 1618 522 1677 conatur
553 1616 584 1676 et
615 1613 682 1675 iarn
714 1631 790 1675 cum
815 1613 928 1676 Aenea
952 1613 1063 1677 foedus
1087 1614 1197 1676 firmat

81 1737 352 1822 conditionesque
375 1739 557 1802 constituit.
581 1739 693 1801 Latini
716 1739 752 1800 iu
776 1736 930 1821 Trojauos
950 1740 1111 1822 impetum
1132 1739 1196 1802 sac-

82 1861 153 1925 turi
175 1864 218 1927 ab
241 1863 354 1926 Aenea
376 1863 538 1941 sedantur,
564 1865 621 1946 qui
646 1869 756 1927 tamen
770 1863 973 1927 vulneratur.
987 1865 1124 1929 Veneris
1136 1884 1195 1946 ope

82 1993 197 2051 autem
230 1989 368 2053 relectus
399 1989 434 2051 in
466 2008 610 2071 pugnarn
645 1989 737 2066 redit,
759 1988 873 2052 urbem
898 1995 1074 2072 oppugnat.
1100 1989 1196 2072 Egre-

83 2110 177 2176 ditur
199 2113 340 2178 Turnus.
359 2114 486 2178 Proelia
507 2114 681 2177 commisso
702 2114 832 2177 Turnus
852 2113 894 2176 ab
909 2113 1019 2176 Aenea
1031 2114 1196 2190 occiditur,

82 2240 143 2303 eui
171 2240 321 2323 deinceps
351 2239 525 2303 Laviniam
553 2260 686 2304 uxorem
711 2240 829 2303 ducere
852 2239 1096 2323 Laviniumque
1123 2260 1198 2304 con-

82 2365 164 2428 dere
186 2365 273 2430 licet.

134 2491 204 2554 Hoc
233 2511 332 2574 quam
365 2490 555 2556 brevissime
587 2495 757 2554 narratum
784 2489 944 2555 Aeneidos
966 2498 1195 2573 argumentenr

84 2620 147 2694 est,
172 2616 257 2700 quod
280 2615 392 2680 multis
414 2617 489 2679 aliis
513 2618 649 2708 deorum
673 2618 911 2700 hominumque
931 2617 1062 2695 sabulis,
1086 2638 1197 2682 rerum

81 2747 263 2825 gestarum,
287 2762 467 2821 sacrorum,
492 2742 644 2807 ludorum
669 2763 920 2826 pugnarumque
943 2745 1198 2822 narrationibus,

82 2855 270 2948 regionum,
295 2867 453 2945 locorum,
480 2873 778 2951 tempestatumque
801 2869 1072 2952 descriptionibus
1096 2872 1200 2934 intex-

84 2998 160 3056 tum
188 2993 385 3057 invenimus.
410 2995 437 3056 E
461 2995 573 3077 paucis
598 2995 804 3078 exilibusque
826 2995 972 3076 priorum
998 2997 1201 3078 argumentis

84 3123 185 3202 poeta
229 3119 372 3201 pmfecto
419 3120 582 3203 copiosam
626 3120 935 3206 ornatissimamque
978 3123 1198 3185 narrationem

84 3245 303 3338 composuit.¹

134 3369 244 3453 Ipsam
269 3372 415 3437 fabulam
436 3374 476 3437 de
496 3373 608 3437 Aenea
628 3392 693 3437 uon
709 3374 863 3452 mutavit,
876 3379 910 3438 at
922 3375 1042 3438 tradita
1054 3376 1201 3438 extendit

86 3498 296 3590 ornavitque,
322 3519 407 3562 nova
427 3501 564 3564 addidit.
586 3497 679 3564 Inter
691 3501 803 3564 addita
817 3501 917 3564 totius
931 3500 1062 3565 Aeneae
1073 3502 1202 3566 itineris

85 3624 132 3687 ab
157 3621 248 3688 Aeno
274 3644 376 3708 usque
400 3627 441 3690 ad
465 3625 693 3709 Carthiginem
715 3627 974 3711 descriptionem,
989 3630 1058 3711 ejus
1076 3647 1202 3692 moram

87 3747 298 3833 Carthagine,
334 3750 425 3814 ludos
456 3751 491 3812 in
524 3749 687 3814 Anchisae
720 3752 876 3817 honorem
909 3758 1091 3837 partesque,
1118 3772 1204 3836 quae

88 3895 168 3939 eum
198 3875 233 3938 in
257 3874 380 3941 Orcum
404 3877 664 3952 descendentem,
689 3877 881 3940 Evandrum
907 3880 1078 3957 visentem,
1102 3880 1205 3942 armis

88 4021 110 4064 a
142 4003 269 4067 Venere
300 4004 384 4066 datis
416 4009 568 4067 ornatum
595 4004 734 4085 fingunt,
758 4004 949 4085 reperimus.
973 4004 1065 4067 Inter
1087 4010 1205 4068 ornata

87 4131 203 4193 omnia
231 4131 300 4212 ejus
325 4130 500 4214 colloquia,
525 4130 873 4193 commemorationem
899 4134 931 4193 et
953 4133 1021 4214 ejus
1046 4137 1078 4193 et
1101 4130 1205 4205 Turni

89 4253 263 4332 sociorum,
288 4259 390 4317 totam
416 4255 493 4318 belli
518 4254 770 4337 descriptionem
794 4255 992 4319 invenimus.
1018 4255 1108 4318 Inter
1134 4237 1225 4318 mu(

90 4386 159 4444 tata
182 4380 360 4444 Anchisem
383 4382 470 4464 apud
494 4382 683 4463 Drepanum
709 4379 886 4461 sepultum,
911 4380 1066 4446 Latinum
1095 4381 1206 4445 neutri
